=LDR  02484cam a2200565 i 4500
=001  020016456
=003  Uk
=005  20230223171856.0
=006  m\\\\||\\d\|\\\\\\
=007  cr\|||||||||||
=008  201118s2020\\\\enk|||||o\\\\f00|\||eng\\
=FMT  \\$a  BK
=020  \\$a9781839726385$qElectronic book (PDF format)
=037  \\$a00215759$bDandy Booksellers Ltd$nPublic Information Online
=040  \\$aUk$beng$cUk
=042  \\$aukblsr
=082  04$a328.4104$223
=110  1\$aGreat Britain.$bParliament.$bHouse of Commons.$bHome Affairs Committee.
=245  10$aHome Office preparedness for COVID-19 (coronavirus) :$bmanagement of the borders: Government Response to the Committee's Fifth Report : Sixth Special Report of Session 2019-21 /$cUK Parliament Home Affairs Committee.
=264  \1$a[London] :$b[Dandy Booksellers Ltd],$c[2020-11-13]
=300  \\$a1 online resource (21 pages)
=336  \\$atext$2rdacontent
=337  \\$acomputer$2rdamedia
=338  \\$aonline resource$2rdacarrier
=490  0\$aHouse of Commons papers, session 2019/21 ;$vHC 974
=650  \7$aCOVID-19 (Disease)$2fast$0(OCoLC)fst01984643
=650  \7$aEpidemics.$2fast$0(OCoLC)fst00914079
=650  \7$aCommunicable diseases$xControl.$2fast$0(OCoLC)fst00869887
=650  \7$aEmergency management$xGovernment policy.$2fast$0(OCoLC)fst00908513
=650  \7$aBorder security.$2fast$0(OCoLC)fst01742239
=650  \7$aInternational travel regulations$xGovernment policy.$2fast$0(OCoLC)fst00977169
=651  \7$aGreat Britain.$2fast$0(OCoLC)fst01204623
=655  \7$aLegislative materials.$2fast$0(OCoLC)fst01774285
=856  4\$uhttp://www.publicinformationonline.com/download/215759
=884  \\$aLDL ebooks transformation to marcxml using dandy_eb2marc.xsl$g20201118$k00215759$qUk
=859  \\$aELD$bebook
=852  \\$aBritish Library$bHMNTS$cDRT$jELD.DS.572630
=985  \\$aUpdated by MS generated file for WR2302-017
=CAT  \\$aBATCH-EBKN$b00$c20201121$lBLL01$h0201
=CAT  \\$aEBKS-FXD$c20201121$lBLL01$h0206
=CAT  \\$aBATCH$b00$c20201121$lBLL01$h0207
=CAT  \\$a3391$b40$c20201125$lBLL01$h1440
=CAT  \\$a8250$b40$c20201127$lBLL01$h1210
=CAT  \\$a8250$b40$c20201127$lBLL01$h1212
=CAT  \\$aW2302-0174$c20230223$lBLL01$h2049
=FIN  \\$aY$d20201125
=DRT  \\$aLD-ebooks
=SRC  \\$aCollection Metadata
=STA  \\$aSUPPRESSED$bLinks to the wrong Parliamentary paper - HC 973.
=LAS  \\$aW2302-0174$b00$c20230223$lBLL01$h2049

