=LDR  01924cam a22004695i 4500
=001  020105349
=003  Uk
=005  20230223172020.0
=006  m\\\\||\\d\|\\\\\\
=007  cr\|||||||||||
=008  210209s2021\\\\enk|||||o\\\\f00|\||eng\\
=FMT  \\$a  BK
=020  \\$z9781528621830$qElectronic book (PDF format)
=037  \\$a00217626$bDandy Booksellers Ltd$nPublic Information Online
=040  \\$aUk$beng$cUk
=082  04$a328.4104$223
=110  2\$aGangmasters and Labour Abuse Authority (Great Britain)
=245  10$aGangmasters and Labour Abuse Authority Annual Report and Accounts 1 April 2019 to 31 March 2020 /$cUK Parliament Gangmasters and Labour Abuse Authority.
=264  \1$a[London] :$b[Dandy Booksellers Ltd],$c[2021-01-21]
=300  \\$a1 online resource (82 pages)
=336  \\$atext$2rdacontent
=337  \\$acomputer$2rdamedia
=338  \\$aonline resource$2rdacarrier
=490  0\$aHouse of Commons papers, session 2019/21 ;$vHC 1099
=610  20$aGangmasters and Labour Abuse Authority (Great Britain)
=650  \7$aGang bosses (Labor)$2fast$0(OCoLC)fst01739800
=655  \7$aLegislative materials.$2fast$0(OCoLC)fst01774285
=856  4\$uhttp://www.publicinformationonline.com/download/217626
=884  \\$aLDL ebooks transformation to marcxml using dandy_eb2marc.xsl$g20210209$k00217626$qUk
=859  \\$aELD$bebook
=852  \\$aBritish Library$bHMNTS$cDRT$jELD.DS.594753
=985  \\$aUpdated by MS generated file for WR2302-017
=CAT  \\$aBATCH-EBKN$b00$c20210212$lBLL01$h0201
=CAT  \\$aEBKS-FXD$c20210212$lBLL01$h0209
=CAT  \\$aBATCH$b00$c20210212$lBLL01$h0210
=CAT  \\$a3391$b40$c20210215$lBLL01$h1829
=CAT  \\$a8874$b40$c20210312$lBLL01$h0745
=CAT  \\$aW2302-0174$c20230223$lBLL01$h2050
=DRT  \\$aLD-ebooks
=SRC  \\$aCollection Metadata
=STA  \\$aSUPPRESSED$bLater version sent
=LAS  \\$aW2302-0174$b00$c20230223$lBLL01$h2050

