=LDR  01600cam a22004215i 4500
=001  020124680
=003  Uk
=005  20230223172035.0
=006  m\\\\||\\d\|\\\\\\
=007  cr\|||||||||||
=008  210301s2018\\\\enk|||||o\\\\f00|\||eng\\
=FMT  \\$a  BK
=037  \\$a00218103$bDandy Booksellers Ltd$nPublic Information Online
=040  \\$aUk$beng$cUk
=082  04$a328.4104$223
=110  1\$aGreat Britain.$bParliament.
=245  10$aDefence of the Realm (Food Profits) Bill Amendment to be moved in Committee /$cUK Parliament.
=264  \1$a[London] :$b[Dandy Booksellers Ltd],$c[2018-05-10]
=300  \\$a1 online resource (2 pages)
=336  \\$atext$2rdacontent
=337  \\$acomputer$2rdamedia
=338  \\$aonline resource$2rdacarrier
=490  0\$aHouse of Lords papers, session 1918 ;$vHLB 25 a
=655  \7$aLegislative bills.$2fast$0(OCoLC)fst01774283
=856  4\$uhttp://www.publicinformationonline.com/download/218103
=884  \\$aLDL ebooks transformation to marcxml using dandy_eb2marc.xsl$g20210301$k00218103$qUk
=859  \\$aELD$bebook
=852  \\$aBritish Library$bHMNTS$cDRT$jELD.DS.597093
=985  \\$aUpdated by MS generated file for WR2302-017
=CAT  \\$aBATCH-EBKN$b00$c20210304$lBLL01$h0201
=CAT  \\$aEBKS-FXD$c20210304$lBLL01$h0210
=CAT  \\$aBATCH$b00$c20210304$lBLL01$h0210
=CAT  \\$a8874$b40$c20210312$lBLL01$h0743
=CAT  \\$aW2302-0174$c20230223$lBLL01$h2051
=DRT  \\$aLD-ebooks
=SRC  \\$aCollection Metadata
=STA  \\$aSUPPRESSED$bIncorrect date of publication.
=LAS  \\$aW2302-0174$b00$c20230223$lBLL01$h2051

