=LDR  02027cam a22004575i 4500
=001  020124833
=003  Uk
=005  20230223172036.0
=006  m\\\\||\\d\|\\\\\\
=007  cr\|||||||||||
=008  210301s2021\\\\enk|||||o\\\\f00|\||eng\\
=FMT  \\$a  BK
=020  \\$a9781528621830$qElectronic book (PDF format)
=037  \\$a00217626$bDandy Booksellers Ltd$nPublic Information Online
=040  \\$aUk$beng$cUk
=082  04$a328.4104$223
=110  1\$aGreat Britain.$bHome Office.
=245  10$aGangmasters and Labour Abuse Authority Annual Report and Accounts 1 April 2019 to 31 March 2020 (withdrawn and replaced by 9781528624046) /$cUK Parliament Home Office, UK Parliament Gangmasters and Labour Abuse Authority (Formerly Gangmasters Licensing Authority).
=264  \1$a[London] :$b[Dandy Booksellers Ltd],$c[2021-01-21]
=300  \\$a1 online resource (82 pages)
=336  \\$atext$2rdacontent
=337  \\$acomputer$2rdamedia
=338  \\$aonline resource$2rdacarrier
=490  0\$aHouse of Commons papers, session 2019/21 ;$vHC 1099
=655  \7$aLegislative materials.$2fast$0(OCoLC)fst01774285
=710  1\$aGreat Britain.$bGangmasters and Labour Abuse Authority (Formerly Gangmasters Licensing Authority).
=856  4\$uhttp://www.publicinformationonline.com/download/217626
=884  \\$aLDL ebooks transformation to marcxml using dandy_eb2marc.xsl$g20210301$k00217626$qUk
=859  \\$aELD$bebook
=852  \\$aBritish Library$bHMNTS$cDRT$jELD.DS.597246
=985  \\$aResubmitted eBook record match on ISBN to existing record 020105349
=985  \\$aUpdated by MS generated file for WR2302-017
=CAT  \\$aBATCH-EBKN$b00$c20210304$lBLL01$h0203
=CAT  \\$aEBKS-FXD$c20210304$lBLL01$h0210
=CAT  \\$aBATCH$b00$c20210304$lBLL01$h0210
=CAT  \\$a8874$b40$c20210312$lBLL01$h0744
=CAT  \\$aW2302-0174$c20230223$lBLL01$h2051
=DRT  \\$aLD-ebooks
=SRC  \\$aCollection Metadata
=STA  \\$aSUPPRESSED$bNew version sent.
=LAS  \\$aW2302-0174$b00$c20230223$lBLL01$h2051

