=LDR  01635cam a22004335i 4500
=001  020131836
=003  Uk
=005  20230223172040.0
=006  m\\\\||\\d\|\\\\\\
=007  cr\|||||||||||
=008  210309s2021\\\\enk|||||o\\\\f00|\||eng\\
=FMT  \\$a  BK
=037  \\$a00218458$bDandy Booksellers Ltd$nPublic Information Online
=040  \\$aUk$beng$cUk
=082  04$a328.4104$223
=110  1\$aGreat Britain.$bCabinet Office.
=245  10$aCovid-19 Response - Spring 2021 :$bData Annex /$cUK Parliament Cabinet Office.
=264  \1$a[London] :$b[Dandy Booksellers Ltd],$c[2021-02-22]
=300  \\$a1 online resource (48 pages)
=336  \\$atext$2rdacontent
=337  \\$acomputer$2rdamedia
=338  \\$aonline resource$2rdacarrier
=490  0\$aUK Parliament Command Paper, session 2019/21 ;$vCP 398
=655  \7$aLegislative materials.$2fast$0(OCoLC)fst01774285
=856  4\$uhttp://www.publicinformationonline.com/download/218458
=884  \\$aLDL ebooks transformation to marcxml using dandy_eb2marc.xsl$g20210309$k00218458$qUk
=859  \\$aELD$bebook
=852  \\$aBritish Library$bHMNTS$cDRT$jELD.DS.599314
=985  \\$aUpdated by MS generated file for WR2302-017
=CAT  \\$aBATCH-EBKN$b00$c20210312$lBLL01$h0206
=CAT  \\$aEBKS-FXD$c20210312$lBLL01$h0211
=CAT  \\$aBATCH$b00$c20210312$lBLL01$h0212
=CAT  \\$a3391$b40$c20210318$lBLL01$h1411
=CAT  \\$a8874$b40$c20210319$lBLL01$h1332
=CAT  \\$aW2302-0174$c20230223$lBLL01$h2051
=DRT  \\$aLD-ebooks
=SRC  \\$aCollection Metadata
=STA  \\$aSUPPRESSED$bAlready received
=LAS  \\$aW2302-0174$b00$c20230223$lBLL01$h2051

