=LDR  01844cam a22004575i 4500
=001  020131864
=003  Uk
=005  20230223172040.0
=006  m\\\\||\\d\|\\\\\\
=007  cr\|||||||||||
=008  210309s2021\\\\enk|||||o\\\\f00|\||eng\\
=FMT  \\$a  BK
=020  \\$a9781839722240$qElectronic book (PDF format)
=037  \\$a00218248$bDandy Booksellers Ltd$nPublic Information Online
=040  \\$aUk$beng$cUk
=082  04$a328.4104$223
=110  1\$aGreat Britain.$bParliament.$bHouse of Commons.$bCommittee of Public Accounts.
=245  10$aPublic Accounts Committee 44th Report :$bExcess Votes 2019-20 /$cUK Parliament Public Accounts Committee.
=264  \1$a[London] :$b[Dandy Booksellers Ltd],$c[2021-02-12]
=300  \\$a1 online resource (16 pages)
=336  \\$atext$2rdacontent
=337  \\$acomputer$2rdamedia
=338  \\$aonline resource$2rdacarrier
=490  0\$aHouse of Commons papers, session 2019/21 ;$vHC 1205
=655  \7$aLegislative materials.$2fast$0(OCoLC)fst01774285
=856  4\$uhttp://www.publicinformationonline.com/download/218248
=884  \\$aLDL ebooks transformation to marcxml using dandy_eb2marc.xsl$g20210309$k00218248$qUk
=859  \\$aELD$bebook
=852  \\$aBritish Library$bHMNTS$cDRT$jELD.DS.599342
=985  \\$aResubmitted eBook record match on ISBN to existing record 020124701
=985  \\$aUpdated by MS generated file for WR2302-017
=CAT  \\$aBATCH-EBKN$b00$c20210312$lBLL01$h0208
=CAT  \\$aEBKS-FXD$c20210312$lBLL01$h0211
=CAT  \\$aBATCH$b00$c20210312$lBLL01$h0212
=CAT  \\$a8874$b40$c20210319$lBLL01$h1334
=CAT  \\$a5194$b40$c20220412$lBLL01$h0816
=CAT  \\$aW2302-0174$c20230223$lBLL01$h2051
=DRT  \\$aLD-ebooks
=SRC  \\$aCollection Metadata
=STA  \\$aSUPPRESSED$bDuplicate
=LAS  \\$aW2302-0174$b00$c20230223$lBLL01$h2051

