=LDR  01713cam a22004335i 4500
=001  020160140
=003  Uk
=005  20230223172109.0
=006  m\\\\||\\d\|\\\\\\
=007  cr\|||||||||||
=008  210412s2019\\\\enk|||||o\\\\f00|\||eng\\
=FMT  \\$a  BK
=037  \\$a00210870$bDandy Booksellers Ltd$nPublic Information Online
=040  \\$aUk$beng$cUk
=082  04$a328.4104$223
=110  1\$aGreat Britain.$bParliament.$bHouse of Commons.
=245  10$aAddendum to the Standing Orders of the House of Commons Relating to Public Business 2020, April 2020 /$cUK Parliament House of Commons.
=264  \1$a[London] :$b[Dandy Booksellers Ltd],$c[2019-11-05]
=300  \\$a1 online resource (34 pages)
=336  \\$atext$2rdacontent
=337  \\$acomputer$2rdamedia
=338  \\$aonline resource$2rdacarrier
=490  0\$aHouse of Commons papers, session 2019 ;$vHC 314
=655  \7$aLegislative materials.$2fast$0(OCoLC)fst01774285
=856  4\$uhttp://www.publicinformationonline.com/download/210870
=884  \\$aLDL ebooks transformation to marcxml using dandy_eb2marc.xsl$g20210412$k00210870$qUk
=859  \\$aELD$bebook
=852  \\$aBritish Library$bHMNTS$cDRT$jELD.DS.604524
=985  \\$aUpdated by MS generated file for WR2302-017
=CAT  \\$aBATCH-EBKN$b00$c20210415$lBLL01$h0201
=CAT  \\$aEBKS-FXD$c20210415$lBLL01$h0209
=CAT  \\$aBATCH$b00$c20210415$lBLL01$h0210
=CAT  \\$a8250$b40$c20210520$lBLL01$h0857
=CAT  \\$a8964$b40$c20220131$lBLL01$h1050
=CAT  \\$aW2302-0174$c20230223$lBLL01$h2051
=DRT  \\$aLD-ebooks
=SRC  \\$aCollection Metadata
=STA  \\$aSUPPRESSED$bDuplicate of Aleph #019797604
=LAS  \\$aW2302-0174$b00$c20230223$lBLL01$h2051

