=LDR  02285cam a2200553 i 4500
=001  020160155
=003  Uk
=005  20230223172109.0
=006  m\\\\||\\d\|\\\\\\
=007  cr\|||||||||||
=008  210412s2021\\\\enk|||||o\\\\f00|\||eng\\
=FMT  \\$a  BK
=020  \\$a9781528624978$qElectronic book (PDF format)
=037  \\$a00223956$bDandy Booksellers Ltd$nPublic Information Online
=040  \\$aUk$beng$cUk
=042  \\$aukblsr
=082  04$a328.4104$223
=110  1\$aGreat Britain.$bHM Government.
=245  14$aThe Best Start for Life :$bA Vision for the 1,001 Critical Days : The Early Years Healthy Development Review Report /$cUK Parliament HM Government.
=264  \1$a[London] :$b[Dandy Booksellers Ltd],$c[2021-03-25]
=300  \\$a1 online resource (147 pages)
=336  \\$atext$2rdacontent
=337  \\$acomputer$2rdamedia
=338  \\$aonline resource$2rdacarrier
=490  0\$aUK Parliament Command Paper, session 2019/21 ;$vCP 419
=650  \7$aFamily services$xGovernment policy.$2fast$0(OCoLC)fst00920485
=650  \7$aInfants$xDevelopment.$2fast$0(OCoLC)fst00972122
=650  \7$aInfants$xServices for.$2fast$0(OCoLC)fst00972191
=651  \7$aEngland.$2fast$0(OCoLC)fst01219920
=655  \7$aLegislative materials.$2fast$0(OCoLC)fst01774285
=710  1\$aGreat Britain.$bDepartment of Health & Social Care.
=856  4\$uhttp://www.publicinformationonline.com/download/223956
=884  \\$aLDL ebooks transformation to marcxml using dandy_eb2marc.xsl$g20210412$k00223956$qUk
=859  \\$aELD$bebook
=852  \\$aBritish Library$bHMNTS$cDRT$jELD.DS.604539
=985  \\$aUpdated by MS generated file for WR2302-017
=CAT  \\$aBATCH-EBKN$b00$c20210415$lBLL01$h0201
=CAT  \\$aEBKS-FXD$c20210415$lBLL01$h0209
=CAT  \\$aBATCH$b00$c20210415$lBLL01$h0210
=CAT  \\$a3391$b40$c20210420$lBLL01$h1747
=CAT  \\$a8250$b40$c20210520$lBLL01$h0851
=CAT  \\$a3391$b40$c20230219$lBLL01$h1708
=CAT  \\$a3391$b40$c20230219$lBLL01$h1726
=CAT  \\$aW2302-0174$c20230223$lBLL01$h2051
=FIN  \\$aY$d20230219
=DRT  \\$aLD-ebooks
=SRC  \\$aCollection Metadata
=STA  \\$aSUPPRESSED$bNot a parliamentary paper - already selected at Aleph #020168853
=LAS  \\$aW2302-0174$b00$c20230223$lBLL01$h2051

