=LDR  01878cam a22004335i 4500
=001  020174792
=003  Uk
=005  20230223172124.0
=006  m\\\\||\\d\|\\\\\\
=007  cr\|||||||||||
=008  210426s2020\\\\enk|||||o\\\\f00|\||eng\\
=FMT  \\$a  BK
=037  \\$a00211752$bDandy Booksellers Ltd$nPublic Information Online
=040  \\$aUk$beng$cUk
=082  04$a328.4104$223
=110  1\$aGreat Britain.$bParliament.$bJoint Committee on Human Rights.
=245  10$aHuman Rights Joint Committee 5th Report. Human Rights and the Government's response to COVID-19 :$bThe detention of young people who are autistic and/or have learning disabilities,$nVolume 2,$pOral and written evidence /$cUK Parliament Human Rights Joint Committee.
=264  \1$a[London] :$b[Dandy Booksellers Ltd],$c[2020-06-12]
=300  \\$a1 online resource (38 pages)
=336  \\$atext$2rdacontent
=337  \\$acomputer$2rdamedia
=338  \\$aonline resource$2rdacarrier
=490  0\$aHouse of Commons papers, session 2019/21 ;$vHC 395
=490  0\$aHouse of Lords papers, session 2019/21 ;$vHL 72
=655  \7$aLegislative materials.$2fast$0(OCoLC)fst01774285
=856  4\$uhttp://www.publicinformationonline.com/download/211752
=884  \\$aLDL ebooks transformation to marcxml using dandy_eb2marc.xsl$g20210426$k00211752$qUk
=859  \\$aELD$bebook
=852  \\$aBritish Library$bHMNTS$cDRT$jELD.DS.608891
=985  \\$aUpdated by MS generated file for WR2302-017
=CAT  \\$aBATCH-EBKN$b00$c20210429$lBLL01$h0201
=CAT  \\$aEBKS-FXD$c20210429$lBLL01$h0210
=CAT  \\$aBATCH$b00$c20210429$lBLL01$h0211
=CAT  \\$a8250$b40$c20210520$lBLL01$h0902
=CAT  \\$aW2302-0174$c20230223$lBLL01$h2052
=DRT  \\$aLD-ebooks
=SRC  \\$aCollection Metadata
=STA  \\$aSUPPRESSED$bDuplicate of Aleph # 019837113
=LAS  \\$aW2302-0174$b00$c20230223$lBLL01$h2052

