=LDR  01918cam a22004575i 4500
=001  020190444
=003  Uk
=005  20230223172140.0
=006  m\\\\||\\d\|\\\\\\
=007  cr\|||||||||||
=008  210510s2021\\\\enk|||||o\\\\f00|\||eng\\
=FMT  \\$a  BK
=020  \\$a9781801392716$qElectronic book (PDF format)
=037  \\$a00224231$bDandy Booksellers Ltd$nPublic Information Online
=040  \\$aUk$beng$cUk
=082  04$a328.4104$223
=110  1\$aGreat Britain.$bParliament.$bHouse of Commons.$bCommittee of Public Accounts.
=245  10$aPublic Accounts Committee 54th Report. Improving single living accommodation for service personnel,$nVolume 1,$pReport /$cUK Parliament Public Accounts Committee.
=264  \1$a[London] :$b[Dandy Booksellers Ltd],$c[2021-04-23]
=300  \\$a1 online resource (23 pages)
=336  \\$atext$2rdacontent
=337  \\$acomputer$2rdamedia
=338  \\$aonline resource$2rdacarrier
=490  0\$aHouse of Commons papers, session 2019/21 ;$vHC 940
=655  \7$aLegislative materials.$2fast$0(OCoLC)fst01774285
=856  4\$uhttp://www.publicinformationonline.com/download/224231
=884  \\$aLDL ebooks transformation to marcxml using dandy_eb2marc.xsl$g20210510$k00224231$qUk
=859  \\$aELD$bebook
=852  \\$aBritish Library$bHMNTS$cDRT$jELD.DS.612739
=985  \\$aResubmitted eBook record match on ISBN to existing record 020184529
=985  \\$aUpdated by MS generated file for WR2302-017
=CAT  \\$aBATCH-EBKN$b00$c20210513$lBLL01$h0209
=CAT  \\$aEBKS-FXD$c20210513$lBLL01$h0220
=CAT  \\$aBATCH$b00$c20210513$lBLL01$h0221
=CAT  \\$a8250$b40$c20210520$lBLL01$h0901
=CAT  \\$a5194$b40$c20220412$lBLL01$h0816
=CAT  \\$aW2302-0174$c20230223$lBLL01$h2052
=DRT  \\$aLD-ebooks
=SRC  \\$aCollection Metadata
=STA  \\$aSUPPRESSED$bDuplicate of Aleph #020184529
=LAS  \\$aW2302-0174$b00$c20230223$lBLL01$h2052

