=LDR  01495 am a22003975i 4500
=001  018505996
=003  Uk
=005  20190208203718.0
=006  m\\\\||\\d\|\\\\\\
=007  cr\|||||||||||
=008  170831s2017\\\\enk|||||o\\\\f00|\||eng\\
=FMT  \\$a  BK
=020  \\$a9781787320918$qElectronic book (PDF format)
=037  \\$a00148251$bDandy Booksellers Ltd$nPublic Information Online
=040  \\$aUk$beng$cUk
=110  1\$aGreat Britain.$bOffice for National Statistics.
=245  10$aInternet Access - Households and Individuals, 2017 /$cOffice for National Statistics.
=264  \1$aLondon :$bDandy Booksellers Ltd,$c[2017-08-23].
=300  \\$a1 online resource (52 pages).
=336  \\$atext$2rdacontent
=337  \\$acomputer$2rdamedia
=338  \\$aonline resource$2rdacarrier
=856  4\$uhttp://www.publicinformationonline.com/download/148251
=884  \\$aLDL ebooks transformation to marcxml using dandy_eb2marc.xsl$g20170831$k00148251$qUk
=859  \\$aELD$bebook
=852  \\$aBritish Library$bHMNTS$cDRT$jELD.DS.179599
=CAT  \\$aBATCH-EBKN$b00$c20170911$lBLL01$h0227
=CAT  \\$aEBKS-FXD$c20170911$lBLL01$h0243
=CAT  \\$aBATCH$b00$c20170911$lBLL01$h0247
=CAT  \\$a7907$b40$c20170919$lBLL01$h1614
=CAT  \\$a10983$b40$c20180510$lBLL01$h1213
=CAT  \\$aW1810-2163$c20190208$lBLL01$h2037
=DRT  \\$aLD-ebooks
=SRC  \\$aCollection Metadata
=STA  \\$aSUPPRESSED$bRebatched as Serial
=LAS  \\$aW1810-2163$b00$c20190208$lBLL01$h2037

