=LDR  01731cam a22004335i 4500
=001  019207795
=003  Uk
=005  20230223165606.0
=006  m\\\\||\\d\|\\\\\\
=007  cr\|||||||||||
=008  190109s2018\\\\enk|||||o\\\\f00|\||eng\\
=FMT  \\$a  BK
=037  \\$a00192521$bDandy Booksellers Ltd$nPublic Information Online
=040  \\$aUk$beng$cUk
=082  04$a328.4104$223
=110  10$aGreat Britain.$bParliament.$bHouse of Commons.$bTransport Committee.
=245  10$aTransport Committee 7th Report. Rail timetable changes :$bMay 2018 Easy Read Version /$cUK Parliament Transport Committee.
=264  \1$a[London] :$b[Dandy Booksellers Ltd],$c[2018-12-04]
=300  \\$a1 online resource (11 pages)
=336  \\$atext$2rdacontent
=337  \\$acomputer$2rdamedia
=338  \\$aonline resource$2rdacarrier
=490  0\$aHouse of Commons papers, session 2017/19 ;$vHC 1163
=655  \7$aLegislative materials.$2fast$0(OCoLC)fst01774285
=856  4\$uhttp://www.publicinformationonline.com/download/192521
=884  \\$aLDL ebooks transformation to marcxml using dandy_eb2marc.xsl$g20190109$k00192521$qUk
=859  \\$aELD$bebook
=852  \\$aBritish Library$bHMNTS$cDRT$jELD.DS.380059
=985  \\$aUpdated by MS generated file for WR2302-017
=CAT  \\$aBATCH-EBKN$b00$c20190114$lBLL01$h0201
=CAT  \\$aBATCH-UPD$b00$c20190114$lBLL01$h0201
=CAT  \\$aEBKS-FXD$c20190114$lBLL01$h0206
=CAT  \\$aBATCH$b00$c20190114$lBLL01$h0207
=CAT  \\$a6550$b40$c20190402$lBLL01$h1211
=CAT  \\$aW2302-0174$c20230223$lBLL01$h2029
=DRT  \\$aLD-ebooks
=SRC  \\$aCollection Metadata
=STA  \\$aSUPPRESSED$bDuplicate of Aleph #019224087
=LAS  \\$aW2302-0174$b00$c20230223$lBLL01$h2029

