=LDR  01691cam a22004215i 4500
=001  019253893
=003  Uk
=005  20230223165704.0
=006  m\\\\||\\d\|\\\\\\
=007  cr\|||||||||||
=008  190130s2019\\\\enk|||||o\\\\f00|\||eng\\
=FMT  \\$a  BK
=037  \\$a00197216$bDandy Booksellers Ltd$nPublic Information Online
=040  \\$aUk$beng$cUk
=082  04$a328.4104$223
=110  1\$aGreat Britain.$bParliament.$bHouse of Commons.$bPetitions Committee.
=245  10$aPetitions Committee 1st Report :$bOnline abuse and the experience of disabled people. In large print format /$cUK Parliament Petitions Committee.
=264  \1$a[London] :$b[Dandy Booksellers Ltd],$c[2019-01-22]
=300  \\$a1 online resource (268 pages)
=336  \\$atext$2rdacontent
=337  \\$acomputer$2rdamedia
=338  \\$aonline resource$2rdacarrier
=490  0\$aHouse of Commons papers, session 2017/19 ;$vHC 759
=655  \7$aLegislative materials.$2fast$0(OCoLC)fst01774285
=856  4\$uhttp://www.publicinformationonline.com/download/197216
=884  \\$aLDL ebooks transformation to marcxml using dandy_eb2marc.xsl$g20190130$k00197216$qUk
=859  \\$aELD$bebook
=852  \\$aBritish Library$bHMNTS$cDRT$jELD.DS.387108
=985  \\$aUpdated by MS generated file for WR2302-017
=CAT  \\$aBATCH-EBKN$b00$c20190214$lBLL01$h0210
=CAT  \\$aEBKS-FXD$c20190214$lBLL01$h0220
=CAT  \\$aBATCH$b00$c20190214$lBLL01$h0221
=CAT  \\$a8250$b40$c20190220$lBLL01$h1150
=CAT  \\$aW2302-0174$c20230223$lBLL01$h2030
=DRT  \\$aLD-ebooks
=SRC  \\$aCollection Metadata
=STA  \\$aSUPPRESSED$bLarge print format.
=LAS  \\$aW2302-0174$b00$c20230223$lBLL01$h2030

