=LDR  01546 am a22003855i 4500
=001  019264438
=003  Uk
=005  20190306151832.0
=006  m\\\\||\\d\|\\\\\\
=007  cr\|||||||||||
=008  161221s2016\\\\enk|||||o\\\\f00|\||eng\\
=FMT  \\$a  BK
=037  \\$a00128457$bDandy Booksellers Ltd$nPublic Information Online
=040  \\$aUk$beng$cUk
=110  1\$aGreat Britain.$bDepartment for Business, Energy & Industrial Strategy.
=245  10$aStatement of the Nuclear Decommissioning Funding account for the period from 1 April 2015 to 31 March 2016 /$cUK Parliament Department for Business, Energy and Industrial Strategy.
=264  \1$a[London] :$b[Dandy Booksellers Ltd],$c[2016-12-15]
=300  \\$a1 online resource.
=336  \\$atext$2rdacontent
=337  \\$acomputer$2rdamedia
=338  \\$aonline resource$2rdacarrier
=490  0\$aHouse of Commons papers, session 2016/17 ;$vHC 285
=856  4\$uhttp://www.publicinformationonline.com/download/128457
=884  \\$aLDL ebooks transformation to marcxml using dandy_eb2marc.xsl$g20161221$k00128457$qUk
=859  \\$aELD$bebook
=852  \\$aBritish Library$bHMNTS$cDRT$jELD.DS.391236
=CAT  \\$aBATCH-EBKN$b00$c20190222$lBLL01$h0201
=CAT  \\$aEBKS-FXD$c20190222$lBLL01$h0208
=CAT  \\$aBATCH$b00$c20190222$lBLL01$h0209
=CAT  \\$a3391$b40$c20190305$lBLL01$h1208
=CAT  \\$a8250$b40$c20190306$lBLL01$h1518
=DRT  \\$aLD-ebooks
=SRC  \\$aCollection Metadata
=STA  \\$aSUPPRESSED$bDuplicate.
=LAS  \\$a8250$b40$c20190306$lBLL01$h1518

