=LDR  01675cam a22004335i 4500
=001  019278599
=003  Uk
=005  20230223165839.0
=006  m\\\\||\\d\|\\\\\\
=007  cr\|||||||||||
=008  190220s2018\\\\enk|||||o\\\\f00|\||eng\\
=FMT  \\$a  BK
=020  \\$a9781910305911$qElectronic book (PDF format)
=037  \\$a00177846$bDandy Booksellers Ltd$nPublic Information Online
=040  \\$aUk$beng$cUk
=082  04$a328.4104$223
=110  1\$aGreat Britain.$bDepartment for Work and Pensions.
=245  10$aSocial Fund Account 2017-18 /$cUK Parliament Department for Work and Pensions.
=264  \1$a[London] :$b[Dandy Booksellers Ltd],$c[2018-07-23]
=300  \\$a1 online resource (23 pages)
=336  \\$atext$2rdacontent
=337  \\$acomputer$2rdamedia
=338  \\$aonline resource$2rdacarrier
=490  0\$aHouse of Commons papers, session 2017/19 ;$vHC 1409
=655  \7$aLegislative materials.$2fast$0(OCoLC)fst01774285
=856  4\$uhttp://www.publicinformationonline.com/download/177846
=884  \\$aLDL ebooks transformation to marcxml using dandy_eb2marc.xsl$g20190220$k00177846$qUk
=859  \\$aELD$bebook
=852  \\$aBritish Library$bHMNTS$cDRT$jELD.DS.392602
=985  \\$aUpdated by MS generated file for WR2302-017
=CAT  \\$aBATCH-EBKN$b00$c20190304$lBLL01$h0204
=CAT  \\$aEBKS-FXD$c20190304$lBLL01$h0212
=CAT  \\$aBATCH$b00$c20190304$lBLL01$h0213
=CAT  \\$a6550$b40$c20190402$lBLL01$h1147
=CAT  \\$aW2302-0174$c20230223$lBLL01$h2031
=DRT  \\$aLD-ebooks
=SRC  \\$aCollection Metadata
=STA  \\$aSUPPRESSED$bDuplicate of Aleph #019003218
=LAS  \\$aW2302-0174$b00$c20230223$lBLL01$h2031

