=LDR  03304 am a22005655i 4500
=001  019371105
=003  Uk
=005  20190822153449.0
=006  m\\\\||\\d\|\\\\\\
=007  cr\|||||||||||
=008  190416s2003\\\\xxk||||fo\\\\||||\||eng\\
=FMT  \\$a  BK
=020  \\$a9780857714824$qElectronic book (PDF format)
=020  \\$a0857714821$qElectronic book (PDF format)
=020  \\$z9781850434160$qprint
=037  \\$a9780857714824$bcodeMantra
=040  \\$aUk$beng$cUk
=100  1\$aMcDowall, David,$eauthor.
=245  12$aA Modern History of the Kurds /$cDavid McDowall.
=264  \1$aLondon :$bI.B. Tauris,$c2003.
=300  \\$a1 online resource (504 pages)
=336  \\$atext$2rdacontent
=337  \\$acomputer$2rdamedia
=338  \\$aonline resource$2rdacarrier
=505  0\$a1. Introduction: Kurdish identity and social formation. Book I The Kurds in the age of tribe and empire 2. Kurdistan before the 19th century 3. Ottoman Kurdistan, 1800-1850 4. Ottoman Kurdistan, 1850-1914 5. The Qajars and the Kurdis 6. Revolution, nationalism and war, 1908-1918 Book II Incorporating the Kurds 7. Redrawing the map: the partition of Ottoman Kurdistan 8. The Kurds, Britain and Iraq 9. Incorporating Turkey's Kurds 10. The Kurds under Reza Shah. BOOK III Ethno-nationalism in Iran 11 Tribe or Ethnicity? The Mahabad Republic 231 12 Iran: Creating a National Movement 249 13 Subjects of the Shi'i Republic 261 BOOK IV Ethno-nationalism in Iraq 14 The Birth of a Nationalist Movement under Hashimite Rule 287 15 The Kurds in Revolutionary Iraq 302 16 The Kurds under the Baath, 1968A-1975 323 17 The Road to Genocide, 1975A-1988 343 18 Uprising and Self-rule 368 BOOK V Ethno-nationalism in Turkey 19 The Kurdish National Revival in Turkey, 1946A-1979 397 20 The PKK and the Mass Movement 420 21 The Kurds in Exile: building the nation 455 Afterword 462 Appendix 1 The Treaty of SA vres 464 Appendix 2 The Kurds of Syria 466 Appendix 3 The Kurds of Lebanon 485 Appendix 4 The Kurds of the Caucasus 490 Index 495.
=650  \7$a20th century history: c 1900 to c 2000.$2bicssc
=650  \7$aEthnic studies.$2bicssc
=650  \7$aModern history to 20th century: c 1700 to c 1900.$2bicssc
=650  \7$aSocial Science$xAnthropology$xGeneral.$2bisacsh
=650  \7$aHistory$xMiddle East$xGeneral.$2bisacsh
=650  \7$aGeneral & world history.$2bicssc
=856  4\$uhttp://www.bloomsbury.com
=884  \\$aLDL ebooks ONIX to marcxml transformation using Record_Load-eBooks_Legal_Deposit_onix2marc_v2-1.xsl$g20190416$k9780857714824$qUk
=859  \\$aELD$bebook
=852  \\$aBritish Library$bHMNTS$cDRT$jELD.DS.412339$qImperfect:ebook display problem.
=985  \\$aResubmitted eBook record match on ISBN to existing record 018224039
=CAT  \\$aBATCH-EBKN$b00$c20190419$lBLL01$h0204
=CAT  \\$aEBKS-FXD$c20190419$lBLL01$h0210
=CAT  \\$aBATCH$b00$c20190419$lBLL01$h0211
=CAT  \\$a11279$b40$c20190822$lBLL01$h1534
=DRT  \\$aLD-ebooks
=SRC  \\$aCollection Metadata
=STA  \\$aSUPPRESSED$bE-content not adequate for display
=ONS  \7$aHBLW$2bicssc
=ONS  \7$aJFSL$2bicssc
=ONS  \7$aHBLL$2bicssc
=ONS  \7$aSOC$x002000$2bisacsh
=ONS  \7$aHIS$x026000$2bisacsh
=ONS  \7$aHBG$2bicssc
=LAS  \\$a11279$b40$c20190822$lBLL01$h1534

