=LDR  01718cam a22004215i 4500
=001  019379067
=003  Uk
=005  20230223170729.0
=006  m\\\\||\\d\|\\\\\\
=007  cr\|||||||||||
=008  190425s2018\\\\enk|||||o\\\\f00|\||eng\\
=FMT  \\$a  BK
=037  \\$a00201959$bDandy Booksellers Ltd$nPublic Information Online
=040  \\$aUk$beng$cUk
=082  04$a328.4104$223
=110  1\$aGreat Britain.$bParliament.$bHouse of Commons.$bWork and Pensions Committee.
=245  10$aWork and Pensions Committee 22nd Report. Universal Credit :$bchildcare,$nVolume 2,$pOral and written evidence /$cUK Parliament Work and Pensions Committee.
=264  \1$a[London] :$b[Dandy Booksellers Ltd],$c[2018-12-24]
=300  \\$a1 online resource (14 pages)
=336  \\$atext$2rdacontent
=337  \\$acomputer$2rdamedia
=338  \\$aonline resource$2rdacarrier
=490  0\$aHouse of Commons papers, session 2017/19 ;$vHC 1771
=655  \7$aLegislative materials.$2fast$0(OCoLC)fst01774285
=856  4\$uhttp://www.publicinformationonline.com/download/201959
=884  \\$aLDL ebooks transformation to marcxml using dandy_eb2marc.xsl$g20190425$k00201959$qUk
=859  \\$aELD$bebook
=852  \\$aBritish Library$bHMNTS$cDRT$jELD.DS.414613
=985  \\$aUpdated by MS generated file for WR2302-017
=CAT  \\$aBATCH-EBKN$b00$c20190428$lBLL01$h0200
=CAT  \\$aEBKS-FXD$c20190428$lBLL01$h0206
=CAT  \\$aBATCH$b00$c20190428$lBLL01$h0207
=CAT  \\$a8874$b40$c20190509$lBLL01$h0849
=CAT  \\$aW2302-0174$c20230223$lBLL01$h2038
=DRT  \\$aLD-ebooks
=SRC  \\$aCollection Metadata
=STA  \\$aSUPPRESSED$bDuplicate of Aleph 019371258
=LAS  \\$aW2302-0174$b00$c20230223$lBLL01$h2038

