=LDR  01771cam a22004335i 4500
=001  019379068
=003  Uk
=005  20230223170729.0
=006  m\\\\||\\d\|\\\\\\
=007  cr\|||||||||||
=008  190425s2019\\\\enk|||||o\\\\f00|\||eng\\
=FMT  \\$a  BK
=037  \\$a00201960$bDandy Booksellers Ltd$nPublic Information Online
=040  \\$aUk$beng$cUk
=082  04$a328.4104$223
=110  1\$aGreat Britain.$bParliament.$bHouse of Commons.$bCommittee of Public Accounts.
=245  10$aBBC and personal service companies :$bNinetieth Report of Session 2017-19.$nVolume 2,$pOral and written evidence /$cUK Parliament Committee of Public Accounts.
=264  \1$a[London] :$b[Dandy Booksellers Ltd],$c[2019-04-05]
=300  \\$a1 online resource (85 pages)
=336  \\$atext$2rdacontent
=337  \\$acomputer$2rdamedia
=338  \\$aonline resource$2rdacarrier
=490  0\$aHouse of Commons papers, session 2017/19 ;$vHC 1522
=655  \7$aLegislative materials.$2fast$0(OCoLC)fst01774285
=856  4\$uhttp://www.publicinformationonline.com/download/201960
=884  \\$aLDL ebooks transformation to marcxml using dandy_eb2marc.xsl$g20190425$k00201960$qUk
=859  \\$aELD$bebook
=852  \\$aBritish Library$bHMNTS$cDRT$jELD.DS.414614
=985  \\$aUpdated by MS generated file for WR2302-017
=CAT  \\$aBATCH-EBKN$b00$c20190428$lBLL01$h0200
=CAT  \\$aEBKS-FXD$c20190428$lBLL01$h0206
=CAT  \\$aBATCH$b00$c20190428$lBLL01$h0207
=CAT  \\$a3391$b40$c20190507$lBLL01$h1626
=CAT  \\$a8874$b40$c20190509$lBLL01$h0847
=CAT  \\$aW2302-0174$c20230223$lBLL01$h2038
=DRT  \\$aLD-ebooks
=SRC  \\$aCollection Metadata
=STA  \\$aSUPPRESSED$bDuplicate of Aleph 019371240
=LAS  \\$aW2302-0174$b00$c20230223$lBLL01$h2038

