=LDR  01761cam a22004215i 4500
=001  019390146
=003  Uk
=005  20230223170735.0
=006  m\\\\||\\d\|\\\\\\
=007  cr\|||||||||||
=008  190501s2019\\\\enk|||||o\\\\f00|\||eng\\
=FMT  \\$a  BK
=037  \\$a00202069$bDandy Booksellers Ltd$nPublic Information Online
=040  \\$aUk$beng$cUk
=082  04$a328.4104$223
=110  1\$aGreat Britain.$bParliament.$bHouse of Commons.$bPetitions Committee.
=245  10$aPetitions Committee 2nd Special Report. Online abuse and the experience of disabled people :$bGovernment response to the Committee's First Report. In large print format /$cUK Parliament Petitions Committee.
=264  \1$a[London] :$b[Dandy Booksellers Ltd],$c[2019-04-25]
=300  \\$a1 online resource (50 pages)
=336  \\$atext$2rdacontent
=337  \\$acomputer$2rdamedia
=338  \\$aonline resource$2rdacarrier
=490  0\$aHouse of Commons papers, session 2017/19 ;$vHC 2122
=655  \7$aLegislative materials.$2fast$0(OCoLC)fst01774285
=856  4\$uhttp://www.publicinformationonline.com/download/202069
=884  \\$aLDL ebooks transformation to marcxml using dandy_eb2marc.xsl$g20190501$k00202069$qUk
=859  \\$aELD$bebook
=852  \\$aBritish Library$bHMNTS$cDRT$jELD.DS.417731
=985  \\$aUpdated by MS generated file for WR2302-017
=CAT  \\$aBATCH-EBKN$b00$c20190504$lBLL01$h0200
=CAT  \\$aEBKS-FXD$c20190504$lBLL01$h0207
=CAT  \\$aBATCH$b00$c20190504$lBLL01$h0208
=CAT  \\$a8874$b40$c20190509$lBLL01$h0850
=CAT  \\$aW2302-0174$c20230223$lBLL01$h2038
=DRT  \\$aLD-ebooks
=SRC  \\$aCollection Metadata
=STA  \\$aSUPPRESSED$bAlready held Aleph 019390142
=LAS  \\$aW2302-0174$b00$c20230223$lBLL01$h2038

