=LDR  01729cam a22004215i 4500
=001  019415704
=003  Uk
=005  20230223170815.0
=006  m\\\\||\\d\|\\\\\\
=007  cr\|||||||||||
=008  190522s2019\\\\enk|||||o\\\\f00|\||eng\\
=FMT  \\$a  BK
=037  \\$a00202472$bDandy Booksellers Ltd$nPublic Information Online
=040  \\$aUk$beng$cUk
=082  04$a328.4104$223
=110  1\$aGreat Britain.$bParliament.$bHouse of Commons.$bTreasury Committee.
=245  10$aTreasury Committee 29th Report :$bConsumers' access to financial services. In large print format /$cUK Parliament Treasury Committee.
=264  \1$a[London] :$b[Dandy Booksellers Ltd],$c[2019-05-10]
=300  \\$a1 online resource (269 pages)
=336  \\$atext$2rdacontent
=337  \\$acomputer$2rdamedia
=338  \\$aonline resource$2rdacarrier
=490  0\$aHouse of Commons papers, session 2017/19 ;$vHC 1642
=655  \7$aLegislative materials.$2fast$0(OCoLC)fst01774285
=856  4\$uhttp://www.publicinformationonline.com/download/202472
=884  \\$aLDL ebooks transformation to marcxml using dandy_eb2marc.xsl$g20190522$k00202472$qUk
=859  \\$aELD$bebook
=852  \\$aBritish Library$bHMNTS$cDRT$jELD.DS.427495
=985  \\$aUpdated by MS generated file for WR2302-017
=CAT  \\$aBATCH-EBKN$b00$c20190525$lBLL01$h0200
=CAT  \\$aEBKS-FXD$c20190525$lBLL01$h0204
=CAT  \\$aBATCH$b00$c20190525$lBLL01$h0204
=CAT  \\$a6550$b40$c20190530$lBLL01$h1057
=CAT  \\$aW2302-0174$c20230223$lBLL01$h2039
=DRT  \\$aLD-ebooks
=SRC  \\$aCollection Metadata
=STA  \\$aSUPPRESSED$bLarge print eds. not retained. Report already held - Aleph #019407611
=LAS  \\$aW2302-0174$b00$c20230223$lBLL01$h2039

