=LDR  01681cam a22004215i 4500
=001  019499146
=003  Uk
=005  20230223171003.0
=006  m\\\\||\\d\|\\\\\\
=007  cr\|||||||||||
=008  190724s2019\\\\enk|||||o\\\\f00|\||eng\\
=FMT  \\$a  BK
=037  \\$a00204480$bDandy Booksellers Ltd$nPublic Information Online
=040  \\$aUk$beng$cUk
=082  04$a328.4104$223
=110  1\$aGreat Britain.$bHome Office.
=245  10$aUK Government response to the Independent Review of the Modern Slavery Act 2015 /$cUK Parliament Home Office.
=264  \1$a[London] :$b[Dandy Booksellers Ltd],$c[2019-05-22]
=300  \\$a1 online resource (33 pages)
=336  \\$atext$2rdacontent
=337  \\$acomputer$2rdamedia
=338  \\$aonline resource$2rdacarrier
=490  0\$aUK Parliament Command Paper, session 2017/19 ;$vCP 100
=655  \7$aLegislative materials.$2fast$0(OCoLC)fst01774285
=856  4\$uhttp://www.publicinformationonline.com/download/204480
=884  \\$aLDL ebooks transformation to marcxml using dandy_eb2marc.xsl$g20190724$k00204480$qUk
=859  \\$aELD$bebook
=852  \\$aBritish Library$bHMNTS$cDRT$jELD.DS.444772
=985  \\$aUpdated by MS generated file for WR2302-017
=CAT  \\$aBATCH-EBKN$b00$c20190808$lBLL01$h0201
=CAT  \\$aEBKS-FXD$c20190808$lBLL01$h0209
=CAT  \\$aBATCH$b00$c20190808$lBLL01$h0210
=CAT  \\$a8250$b40$c20190823$lBLL01$h1214
=CAT  \\$aW2302-0174$c20230223$lBLL01$h2041
=DRT  \\$aLD-ebooks
=SRC  \\$aCollection Metadata
=STA  \\$aSUPPRESSED$bNot a UK parliamentary paper and is already held - duplicate of Aleph #019475944
=LAS  \\$aW2302-0174$b00$c20230223$lBLL01$h2041

