=LDR  01963cam a2200493 i 4500
=001  019506023
=003  Uk
=005  20230223171015.0
=006  m\\\\||\\d\|\\\\\\
=007  cr\|||||||||||
=008  190724s2019\\\\enk|||||o\\\\f00|\||eng\\
=FMT  \\$a  BK
=020  \\$z9781528611039$qElectronic book (PDF format)
=037  \\$a00204693$bDandy Booksellers Ltd$nPublic Information Online
=040  \\$aUk$beng$cUk
=042  \\$aukblsr
=082  04$a328.4104$223
=110  2\$aUK Intellectual Property Office.
=245  14$aThe Patent Office Annual Report and Accounts 2018/19 /$cUK Parliament Patent Office.
=264  \1$a[London] :$b[Dandy Booksellers Ltd],$c[2019-07-18]
=300  \\$a1 online resource (100 pages)
=336  \\$atext$2rdacontent
=337  \\$acomputer$2rdamedia
=338  \\$aonline resource$2rdacarrier
=490  0\$aHouse of Commons papers, session 2017/19 ;$vHC 2458
=610  20$aUK Intellectual Property Office.
=650  \7$aPatent offices.$2fast$0(OCoLC)fst01054853
=655  \7$aLegislative materials.$2fast$0(OCoLC)fst01774285
=856  4\$uhttp://www.publicinformationonline.com/download/204693
=884  \\$aLDL ebooks transformation to marcxml using dandy_eb2marc.xsl$g20190724$k00204693$qUk
=859  \\$aELD$bebook
=852  \\$aBritish Library$bHMNTS$cDRT$jELD.DS.447927
=985  \\$aUpdated by MS generated file for WR2302-017
=CAT  \\$aBATCH-EBKN$b00$c20190815$lBLL01$h0210
=CAT  \\$aEBKS-FXD$c20190815$lBLL01$h0220
=CAT  \\$aBATCH$b00$c20190815$lBLL01$h0221
=CAT  \\$a7907$b40$c20190822$lBLL01$h1722
=CAT  \\$a8250$b40$c20191114$lBLL01$h1530
=CAT  \\$aW2302-0174$c20230223$lBLL01$h2041
=FIN  \\$aY$d20190822
=DRT  \\$aLD-ebooks
=SRC  \\$aCollection Metadata
=STA  \\$aSUPPRESSED$bThis paper has been withdrawn and replaced by paper with same content but correct paper number HC 2630 (Aleph #019597524)
=LAS  \\$aW2302-0174$b00$c20230223$lBLL01$h2041

