=LDR  01739cam a22004215i 4500
=001  019597517
=003  Uk
=005  20230223171222.0
=006  m\\\\||\\d\|\\\\\\
=007  cr\|||||||||||
=008  191031s2019\\\\enk|||||o\\\\f00|\||eng\\
=FMT  \\$a  BK
=037  \\$a00206445$bDandy Booksellers Ltd$nPublic Information Online
=040  \\$aUk$beng$cUk
=082  04$a328.4104$223
=110  1\$aGreat Britain.$bHome Office.
=245  10$aAnnual Statistics of Scientific Procedures on Living Animals Great Britain 2018 :$bCorrection Slip, October 2019 /$cUK Parliament Home Office.
=264  \1$a[London] :$b[Dandy Booksellers Ltd],$c[2019-07-18]
=300  \\$a1 online resource (1 page)
=336  \\$atext$2rdacontent
=337  \\$acomputer$2rdamedia
=338  \\$aonline resource$2rdacarrier
=490  0\$aHouse of Commons papers, session 2017/19 ;$vHC 2475
=655  \7$aLegislative materials.$2fast$0(OCoLC)fst01774285
=856  4\$uhttp://www.publicinformationonline.com/download/206445
=884  \\$aLDL ebooks transformation to marcxml using dandy_eb2marc.xsl$g20191031$k00206445$qUk
=859  \\$aELD$bebook
=852  \\$aBritish Library$bHMNTS$cDRT$jELD.DS.467493
=985  \\$aUpdated by MS generated file for WR2302-017
=CAT  \\$aBATCH-EBKN$b00$c20191103$lBLL01$h0215
=CAT  \\$aEBKS-FXD$c20191103$lBLL01$h0222
=CAT  \\$aBATCH$b00$c20191103$lBLL01$h0222
=CAT  \\$a8250$b40$c20191114$lBLL01$h1528
=CAT  \\$aW2302-0174$c20230223$lBLL01$h2043
=DRT  \\$aLD-ebooks
=SRC  \\$aCollection Metadata
=STA  \\$aSUPPRESSED$bCorrection slip re. ISBN only, not text of document. Made the correction on the original record Aleph #019502221
=LAS  \\$aW2302-0174$b00$c20230223$lBLL01$h2043

