=LDR  01784cam a22004215i 4500
=001  019597560
=003  Uk
=005  20230223171223.0
=006  m\\\\||\\d\|\\\\\\
=007  cr\|||||||||||
=008  191031s2018\\\\enk|||||o\\\\f00|\||eng\\
=FMT  \\$a  BK
=037  \\$a00206729$bDandy Booksellers Ltd$nPublic Information Online
=040  \\$aUk$beng$cUk
=082  04$a328.4104$223
=110  1\$aGreat Britain.$bParliament.$bHouse of Commons.$bDigital, Culture, Media and Sport Committee.
=245  10$aDigital, Culture, Media and Sport Committee 6th Special Report of Session 2017-19 /$cUK Parliament Digital, Culture, Media and Sport Committee.
=264  \1$a[London] :$b[Dandy Booksellers Ltd],$c[2018-11-21]
=300  \\$a1 online resource (1 page)
=336  \\$atext$2rdacontent
=337  \\$acomputer$2rdamedia
=338  \\$aonline resource$2rdacarrier
=490  0\$aHouse of Commons papers, session 2017/19 ;$vHC Unnumbered
=655  \7$aLegislative materials.$2fast$0(OCoLC)fst01774285
=856  4\$uhttp://www.publicinformationonline.com/download/206729
=884  \\$aLDL ebooks transformation to marcxml using dandy_eb2marc.xsl$g20191031$k00206729$qUk
=859  \\$aELD$bebook
=852  \\$aBritish Library$bHMNTS$cDRT$jELD.DS.467536
=985  \\$aUpdated by MS generated file for WR2302-017
=CAT  \\$aBATCH-EBKN$b00$c20191103$lBLL01$h0215
=CAT  \\$aEBKS-FXD$c20191103$lBLL01$h0222
=CAT  \\$aBATCH$b00$c20191103$lBLL01$h0222
=CAT  \\$a8250$b40$c20191114$lBLL01$h1528
=CAT  \\$aW2302-0174$c20230223$lBLL01$h2043
=DRT  \\$aLD-ebooks
=SRC  \\$aCollection Metadata
=STA  \\$aSUPPRESSED$bNot a Parliamentary paper. 1 page 'Formal minutes', out-of-scope for collections
=LAS  \\$aW2302-0174$b00$c20230223$lBLL01$h2043

