=LDR  01696cam a22004215i 4500
=001  019794706
=003  Uk
=005  20230223171613.0
=006  m\\\\||\\d\|\\\\\\
=007  cr\|||||||||||
=008  200511s2020\\\\enk|||||o\\\\f00|\||eng\\
=FMT  \\$a  BK
=037  \\$a00210250$bDandy Booksellers Ltd$nPublic Information Online
=040  \\$aUk$beng$cUk
=082  04$a328.4104$223
=110  1\$aGreat Britain.$bLaw Commission.
=245  10$aSimplifying the Immigration Rules :$ba response. A response to the Law Commission's report and recommendations on Simplification of the Immigration Rules /$cUK Parliament Law Commission.
=264  \1$a[London] :$b[Dandy Booksellers Ltd],$c[2020-01-14]
=300  \\$a1 online resource (49 pages)
=336  \\$atext$2rdacontent
=337  \\$acomputer$2rdamedia
=338  \\$aonline resource$2rdacarrier
=490  0\$aHouse of Commons papers, session 2019/21 ;$vHC 14
=655  \7$aLegislative materials.$2fast$0(OCoLC)fst01774285
=856  4\$uhttp://www.publicinformationonline.com/download/210250
=884  \\$aLDL ebooks transformation to marcxml using dandy_eb2marc.xsl$g20200511$k00210250$qUk
=859  \\$aELD$bebook
=852  \\$aBritish Library$bHMNTS$cDRT$jELD.DS.504517
=985  \\$aUpdated by MS generated file for WR2302-017
=CAT  \\$aBATCH-EBKN$b00$c20200525$lBLL01$h0210
=CAT  \\$aEBKS-FXD$c20200525$lBLL01$h0213
=CAT  \\$aBATCH$b00$c20200525$lBLL01$h0213
=CAT  \\$a6550$b40$c20200619$lBLL01$h0817
=CAT  \\$aW2302-0174$c20230223$lBLL01$h2046
=DRT  \\$aLD-ebooks
=SRC  \\$aCollection Metadata
=STA  \\$aSUPPRESSED$bDuplicate of 019781038
=LAS  \\$aW2302-0174$b00$c20230223$lBLL01$h2046

