=LDR  01793cam a22004455i 4500
=001  019803086
=003  Uk
=005  20230223171617.0
=006  m\\\\||\\d\|\\\\\\
=007  cr\|||||||||||
=008  200513s2020\\\\enk|||||o\\\\f00|\||eng\\
=FMT  \\$a  BK
=020  \\$a9781528618168$qElectronic book (PDF format)
=037  \\$a00211057$bDandy Booksellers Ltd$nPublic Information Online
=040  \\$aUk$beng$cUk
=082  04$a328.4104$223
=110  1\$aGreat Britain.$bDepartment for Work and Pensions.
=245  10$aWorkless households and educational attainment statutory indicators /$cUK Parliament Department for Work and Pensions.
=264  \1$a[London] :$b[Dandy Booksellers Ltd],$c[2020-05-05]
=300  \\$a1 online resource (15 pages)
=336  \\$atext$2rdacontent
=337  \\$acomputer$2rdamedia
=338  \\$aonline resource$2rdacarrier
=490  0\$aUK Parliament Command Paper, session 2019/21 ;$vCP Unnumbered
=655  \7$aLegislative materials.$2fast$0(OCoLC)fst01774285
=856  4\$uhttp://www.publicinformationonline.com/download/211057
=884  \\$aLDL ebooks transformation to marcxml using dandy_eb2marc.xsl$g20200513$k00211057$qUk
=859  \\$aELD$bebook
=852  \\$aBritish Library$bHMNTS$cDRT$jELD.DS.505136
=985  \\$aResubmitted eBook record match on ISBN to existing record 019784796
=985  \\$aUpdated by MS generated file for WR2302-017
=CAT  \\$aBATCH-EBKN$b00$c20200606$lBLL01$h0234
=CAT  \\$aEBKS-FXD$c20200606$lBLL01$h0241
=CAT  \\$aBATCH$b00$c20200606$lBLL01$h0242
=CAT  \\$a8874$b40$c20200807$lBLL01$h0802
=CAT  \\$aW2302-0174$c20230223$lBLL01$h2046
=DRT  \\$aLD-ebooks
=SRC  \\$aCollection Metadata
=STA  \\$aSUPPRESSED$bEBL duplicate
=LAS  \\$aW2302-0174$b00$c20230223$lBLL01$h2046

