=LDR  01638cam a22004335i 4500
=001  019851132
=003  Uk
=005  20230223171642.0
=006  m\\\\||\\d\|\\\\\\
=007  cr\|||||||||||
=008  200715s2020\\\\enk|||||o\\\\f00|\||eng\\
=FMT  \\$a  BK
=020  \\$a9781839718359$qElectronic book (PDF format)
=037  \\$a00212369$bDandy Booksellers Ltd$nPublic Information Online
=040  \\$aUk$beng$cUk
=082  04$a328.4104$223
=110  1\$aGreat Britain.$bParliament.
=245  10$aNon-Domestic Rating (Public Lavatories) Bill Explanatory Notes /$cUK Parliament.
=264  \1$a[London] :$b[Dandy Booksellers Ltd],$c[2020-07-10]
=300  \\$a1 online resource (10 pages)
=336  \\$atext$2rdacontent
=337  \\$acomputer$2rdamedia
=338  \\$aonline resource$2rdacarrier
=490  0\$aHouse of Commons papers, session 2019/21 ;$vHCB 116-EN
=655  \7$aLegislative bills.$2fast$0(OCoLC)fst01774283
=856  4\$uhttp://www.publicinformationonline.com/download/212369
=884  \\$aLDL ebooks transformation to marcxml using dandy_eb2marc.xsl$g20200715$k00212369$qUk
=859  \\$aELD$bebook
=852  \\$aBritish Library$bHMNTS$cDRT$jELD.DS.518773
=985  \\$aUpdated by MS generated file for WR2302-017
=CAT  \\$aBATCH-EBKN$b00$c20200723$lBLL01$h0218
=CAT  \\$aEBKS-FXD$c20200723$lBLL01$h0224
=CAT  \\$aBATCH$b00$c20200723$lBLL01$h0225
=CAT  \\$a8874$b40$c20200807$lBLL01$h0801
=CAT  \\$aW2302-0174$c20230223$lBLL01$h2046
=DRT  \\$aLD-ebooks
=SRC  \\$aCollection Metadata
=STA  \\$aSUPPRESSED$bEBL duplicate
=LAS  \\$aW2302-0174$b00$c20230223$lBLL01$h2046

