=LDR  02295cam a2200541 i 4500
=001  020213951
=003  Uk
=005  20230223172203.0
=006  m\\\\||\\d\|\\\\\\
=007  cr\|||||||||||
=008  210601s2021\\\\enk|||||o\\\\f00|\||eng\\
=FMT  \\$a  BK
=037  \\$a00224416$bDandy Booksellers Ltd$nPublic Information Online
=040  \\$aUk$beng$cUk
=042  \\$aukblsr
=082  04$a328.4104$223
=110  1\$aGreat Britain.$bParliament.$bHouse of Lords.$bCOVID-19 Committee.
=245  10$aBeyond Digital :$bPlanning for a Hybrid World : 1st Report of Session 2019-21.$nVolume 2,$pOral and written evidence /$cUK Parliament COVID-19 Committee.
=264  \1$a[London] :$b[Dandy Booksellers Ltd],$c[2021-04-21]
=300  \\$a1 online resource (1209 pages)
=336  \\$atext$2rdacontent
=337  \\$acomputer$2rdamedia
=338  \\$aonline resource$2rdacarrier
=490  0\$aHouse of Lords papers, session 2019/21 ;$vHL 263
=650  \7$aInformation society.$2fast$0(OCoLC)fst00972767
=650  \7$aComputers and civilization.$2fast$0(OCoLC)fst00872888
=650  \7$aDigital media$xSocial aspects.$2fast$0(OCoLC)fst01766776
=650  \7$aInformation technology$xSocial aspects.$2fast$0(OCoLC)fst00973131
=650  \7$aInternet$xSocial aspects.$2fast$0(OCoLC)fst01766793
=650  \7$aCOVID-19 (Disease)$xSocial aspects.$2fast$0(OCoLC)fst01984649
=651  \7$aGreat Britain.$2fast$0(OCoLC)fst01204623
=655  \7$aLegislative materials.$2fast$0(OCoLC)fst01774285
=856  4\$uhttp://www.publicinformationonline.com/download/224416
=884  \\$aLDL ebooks transformation to marcxml using dandy_eb2marc.xsl$g20210601$k00224416$qUk
=859  \\$aELD$bebook
=852  \\$aBritish Library$bHMNTS$cDRT$jELD.DS.615192
=985  \\$aUpdated by MS generated file for WR2302-017
=CAT  \\$aBATCH-EBKN$b00$c20210604$lBLL01$h0210
=CAT  \\$aEBKS-FXD$c20210604$lBLL01$h0215
=CAT  \\$aBATCH$b00$c20210604$lBLL01$h0216
=CAT  \\$a7907$b40$c20210611$lBLL01$h1138
=CAT  \\$a8250$b40$c20210611$lBLL01$h1410
=CAT  \\$aW2302-0174$c20230223$lBLL01$h2052
=FIN  \\$aY$d20210611
=DRT  \\$aLD-ebooks
=SRC  \\$aCollection Metadata
=STA  \\$aSUPPRESSED$bDuplicate of Aleph #020197187
=LAS  \\$aW2302-0174$b00$c20230223$lBLL01$h2052

