=LDR  01775cam a22004215i 4500
=001  020255204
=003  Uk
=005  20230223172238.0
=006  m\\\\||\\d\|\\\\\\
=007  cr\|||||||||||
=008  210705s2021\\\\enk|||||o\\\\f00|\||eng\\
=FMT  \\$a  BK
=037  \\$a00225305$bDandy Booksellers Ltd$nPublic Information Online
=040  \\$aUk$beng$cUk
=082  04$a328.4104$223
=110  1\$aGreat Britain.$bMinistry of Justice.
=245  10$aReview into the Criminal Justice System response to adult rape and serious sexual offences across England and Wales. Appendix E :$bA statistical analysis of factors that influence the probability of charges for adult rape offences /$cUK Parliament Ministry of Justice.
=264  \1$a[London] :$b[Dandy Booksellers Ltd],$c[2021-06-21]
=300  \\$a1 online resource (50 pages)
=336  \\$atext$2rdacontent
=337  \\$acomputer$2rdamedia
=338  \\$aonline resource$2rdacarrier
=490  0\$aUK Parliament Command Paper, session 2021/22 ;$vCP 437
=655  \7$aLegislative materials.$2fast$0(OCoLC)fst01774285
=856  4\$uhttp://www.publicinformationonline.com/download/225305
=884  \\$aLDL ebooks transformation to marcxml using dandy_eb2marc.xsl$g20210705$k00225305$qUk
=859  \\$aELD$bebook
=852  \\$aBritish Library$bHMNTS$cDRT$jELD.DS.617802
=985  \\$aUpdated by MS generated file for WR2302-017
=CAT  \\$aBATCH-EBKN$b00$c20210713$lBLL01$h0201
=CAT  \\$aEBKS-FXD$c20210713$lBLL01$h0209
=CAT  \\$aBATCH$b00$c20210713$lBLL01$h0210
=CAT  \\$a8250$b40$c20210722$lBLL01$h0908
=CAT  \\$aW2302-0174$c20230223$lBLL01$h2053
=DRT  \\$aLD-ebooks
=SRC  \\$aCollection Metadata
=STA  \\$aSUPPRESSED$bDuplicate
=LAS  \\$aW2302-0174$b00$c20230223$lBLL01$h2053

