=LDR  02104cam a22004455i 4500
=001  020255828
=003  Uk
=005  20230223172240.0
=006  m\\\\||\\d\|\\\\\\
=007  cr\|||||||||||
=008  210705s2021\\\\enk|||||o\\\\f00|\||eng\\
=FMT  \\$a  BK
=020  \\$a9781801395113$qElectronic book (PDF format)
=037  \\$a00225217$bDandy Booksellers Ltd$nPublic Information Online
=040  \\$aUk$beng$cUk
=082  04$a328.4104$223
=110  1\$aGreat Britain.$bParliament.$bHouse of Lords.$bSecondary Legislation Scrutiny Committee.
=245  10$aSecondary Legislation Scrutiny Committee 5th Report. Instruments under the European Union (Withdrawal) Act 2018 :$bProposed Negative Instruments. Drawn to the special attention of the House: Health Protection (Coronavirus, Testing Requirements and Standards) (England) (Amendment) Regulations 2021 /$cUK Parliament Secondary Legislation Scrutiny Committee (Formerly Merits of Statutory Instruments Committee).
=264  \1$a[London] :$b[Dandy Booksellers Ltd],$c[2021-06-17]
=300  \\$a1 online resource (10 pages)
=336  \\$atext$2rdacontent
=337  \\$acomputer$2rdamedia
=338  \\$aonline resource$2rdacarrier
=490  0\$aHouse of Lords papers, session 2021/22 ;$vHL 21
=655  \7$aLegislative materials.$2fast$0(OCoLC)fst01774285
=856  4\$uhttp://www.publicinformationonline.com/download/225217
=884  \\$aLDL ebooks transformation to marcxml using dandy_eb2marc.xsl$g20210705$k00225217$qUk
=859  \\$aELD$bebook
=852  \\$aBritish Library$bHMNTS$cDRT$jELD.DS.618426
=985  \\$aResubmitted eBook record match on ISBN to existing record 020254303
=985  \\$aUpdated by MS generated file for WR2302-017
=CAT  \\$aBATCH-EBKN$b00$c20210713$lBLL01$h0204
=CAT  \\$aEBKS-FXD$c20210713$lBLL01$h0210
=CAT  \\$aBATCH$b00$c20210713$lBLL01$h0211
=CAT  \\$a8250$b40$c20210722$lBLL01$h0907
=CAT  \\$aW2302-0174$c20230223$lBLL01$h2053
=DRT  \\$aLD-ebooks
=SRC  \\$aCollection Metadata
=STA  \\$aSUPPRESSED$bDuplicate
=LAS  \\$aW2302-0174$b00$c20230223$lBLL01$h2053

