=LDR  01884cam a22004575i 4500
=001  020286217
=003  Uk
=005  20230223172311.0
=006  m\\\\||\\d\|\\\\\\
=007  cr\|||||||||||
=008  210802s2021\\\\enk|||||o\\\\f00|\||eng\\
=FMT  \\$a  BK
=020  \\$a9781801396578$qElectronic book (PDF format)
=037  \\$a00225798$bDandy Booksellers Ltd$nPublic Information Online
=040  \\$aUk$beng$cUk
=082  04$a328.4104$223
=110  10$aGreat Britain.$bParliament.$bHouse of Commons.$bScottish Affairs Committee.
=245  10$aScottish Affairs Committee 3rd Report. The UK Shared Prosperity Fund and Scotland,$nVolume 1,$pReport /$cUK Parliament Scottish Affairs Committee.
=264  \1$a[London] :$b[Dandy Booksellers Ltd],$c[2021-07-09]
=300  \\$a1 online resource (21 pages)
=336  \\$atext$2rdacontent
=337  \\$acomputer$2rdamedia
=338  \\$aonline resource$2rdacarrier
=490  0\$aHouse of Commons papers, session 2021/22 ;$vHC 52
=655  \7$aLegislative materials.$2fast$0(OCoLC)fst01774285
=856  4\$uhttp://www.publicinformationonline.com/download/225798
=884  \\$aLDL ebooks transformation to marcxml using dandy_eb2marc.xsl$g20210802$k00225798$qUk
=859  \\$aELD$bebook
=852  \\$aBritish Library$bHMNTS$cDRT$jELD.DS.625709
=985  \\$aResubmitted eBook record match on ISBN to existing record 020275066
=985  \\$aUpdated by MS generated file for WR2302-017
=CAT  \\$aBATCH-EBKN$b00$c20210806$lBLL01$h0214
=CAT  \\$aBATCH-UPD$b00$c20210806$lBLL01$h0215
=CAT  \\$aEBKS-FXD$c20210806$lBLL01$h0223
=CAT  \\$aBATCH$b00$c20210806$lBLL01$h0225
=CAT  \\$a8250$b40$c20210816$lBLL01$h1446
=CAT  \\$aW2302-0174$c20230223$lBLL01$h2054
=DRT  \\$aLD-ebooks
=SRC  \\$aCollection Metadata
=STA  \\$aSUPPRESSED$bDuplicate
=LAS  \\$aW2302-0174$b00$c20230223$lBLL01$h2054

