=LDR  02258cam a22005175i 4500
=001  020477459
=003  Uk
=005  20230223172748.0
=006  m\\\\||\\d\|\\\\\\
=007  cr\|||||||||||
=008  220131s2021\\\\enk|||||o\\\\f00|\||eng\\
=FMT  \\$a  BK
=020  \\$a9781801405997$qElectronic book (PDF format)
=037  \\$a00232213$bDandy Booksellers Ltd$nPublic Information Online
=040  \\$aUk$beng$cUk
=082  04$a328.4104$223
=110  1\$aGreat Britain.$bParliament.$bHouse of Commons.$bCommittee of Public Accounts.
=245  10$aChallenges in implementing digital change :$bThirtieth Report of Session 2021-22.$nVolume 1,$pReport /$cUK Parliament Public Accounts Committee.
=264  \1$a[London] :$b[Dandy Booksellers Ltd],$c[2021-12-10]
=300  \\$a1 online resource (20 pages)
=336  \\$atext$2rdacontent
=337  \\$acomputer$2rdamedia
=338  \\$aonline resource$2rdacarrier
=490  0\$aHouse of Commons papers, session 2021/22 ;$vHC 637
=650  \7$aPublic administration$xData processing.$2fast$0(OCoLC)fst01081992
=650  \7$aInternet in public administration.$2fast$0(OCoLC)fst00977260
=650  \7$aInformation technology$xGovernment policy.$2fast$0(OCoLC)fst00973106
=650  \7$aElectronic government information.$2fast$0(OCoLC)fst00907235
=651  \7$aGreat Britain.$2fast$0(OCoLC)fst01204623
=655  \7$aLegislative materials.$2fast$0(OCoLC)fst01774285
=856  4\$uhttp://www.publicinformationonline.com/download/232213
=884  \\$aLDL ebooks transformation to marcxml using dandy_eb2marc.xsl$g20220131$k00232213$qUk
=859  \\$aELD$bebook
=852  \\$aBritish Library$bHMNTS$cDRT$jELD.DS.664938
=985  \\$aResubmitted eBook record match on ISBN to existing record 020469670
=985  \\$aUpdated by MS generated file for WR2302-017
=CAT  \\$aBATCH-EBKN$b00$c20220203$lBLL01$h0205
=CAT  \\$aEBKS-FXD$c20220203$lBLL01$h0213
=CAT  \\$aBATCH$b00$c20220203$lBLL01$h0214
=CAT  \\$a3391$b40$c20220208$lBLL01$h1222
=CAT  \\$a8250$b40$c20220526$lBLL01$h1319
=CAT  \\$aW2302-0174$c20230223$lBLL01$h2059
=DRT  \\$aLD-ebooks
=SRC  \\$aCollection Metadata
=STA  \\$aSUPPRESSED$bDuplicate
=LAS  \\$aW2302-0174$b00$c20230223$lBLL01$h2059

