=LDR  01751cam a22004335i 4500
=001  020505577
=003  Uk
=005  20230223172812.0
=006  m\\\\||\\d\|\\\\\\
=007  cr\|||||||||||
=008  220228s2022\\\\enk|||||o\\\\f00|\||eng\\
=FMT  \\$a  BK
=037  \\$a00232937$bDandy Booksellers Ltd$nPublic Information Online
=040  \\$aUk$beng$cUk
=082  04$a328.4104$223
=110  1\$aGreat Britain.$bParliament.$bHouse of Commons.$bCommittee of Public Accounts.
=245  10$aPublic Accounts Committee 31st Report. Environmental Land Management Scheme,$nVolume 2,$pOral and written evidence /$cUK Parliament Public Accounts Committee.
=264  \1$a[London] :$b[Dandy Booksellers Ltd],$c[2022-01-10]
=300  \\$a1 online resource (114 pages)
=336  \\$atext$2rdacontent
=337  \\$acomputer$2rdamedia
=338  \\$aonline resource$2rdacarrier
=490  0\$aHouse of Commons papers, session 2021/22 ;$vHC 639
=655  \7$aLegislative materials.$2fast$0(OCoLC)fst01774285
=856  4\$uhttp://www.publicinformationonline.com/download/232937
=884  \\$aLDL ebooks transformation to marcxml using dandy_eb2marc.xsl$g20220228$k00232937$qUk
=859  \\$aELD$bebook
=852  \\$aBritish Library$bHMNTS$cDRT$jELD.DS.669612
=985  \\$aUpdated by MS generated file for WR2302-017
=CAT  \\$aBATCH-EBKN$b00$c20220303$lBLL01$h0201
=CAT  \\$aEBKS-FXD$c20220303$lBLL01$h0208
=CAT  \\$aBATCH$b00$c20220303$lBLL01$h0208
=CAT  \\$a5194$b40$c20220412$lBLL01$h0816
=CAT  \\$a8250$b40$c20220526$lBLL01$h1318
=CAT  \\$aW2302-0174$c20230223$lBLL01$h2059
=DRT  \\$aLD-ebooks
=SRC  \\$aCollection Metadata
=STA  \\$aSUPPRESSED$bDuplicate
=LAS  \\$aW2302-0174$b00$c20230223$lBLL01$h2059

