=LDR  02235cam a2200529 i 4500
=001  020505665
=003  Uk
=005  20230223172813.0
=006  m\\\\||\\d\|\\\\\\
=007  cr\|||||||||||
=008  220228s2022\\\\enk|||||o\\\\f00|\||eng\\
=FMT  \\$a  BK
=020  \\$a9781801405256$qElectronic book (PDF format)
=037  \\$a00232825$bDandy Booksellers Ltd$nPublic Information Online
=040  \\$aUk$beng$cUk
=042  \\$aukblsr
=082  04$a328.4104$223
=110  1\$aGreat Britain.$bParliament.$bHouse of Commons.$bCommittee of Public Accounts.
=245  10$aEnvironmental Land Management Scheme :$bThirty-First Report of Session 2021-22.$nVolume 1,$pReport /$cUK Parliament Committee of Public Accounts.
=264  \1$a[London] :$b[Dandy Booksellers Ltd],$c[2022-01-10]
=300  \\$a1 online resource (29 pages)
=336  \\$atext$2rdacontent
=337  \\$acomputer$2rdamedia
=338  \\$aonline resource$2rdacarrier
=490  0\$aHouse of Commons papers, session 2021/22 ;$vHC 639
=650  \7$aAgriculture and state$xEnvironmental aspects.$2fast$0(OCoLC)fst00801736
=650  \7$aSustainable agriculture$xGovernment policy.$2fast$0(OCoLC)fst01139716
=650  \7$aAgricultural subsidies$xEvaluation.$2fast$0(OCoLC)fst00801301
=651  \7$aEngland.$2fast$0(OCoLC)fst01219920
=655  \7$aLegislative materials.$2fast$0(OCoLC)fst01774285
=856  4\$uhttp://www.publicinformationonline.com/download/232825
=884  \\$aLDL ebooks transformation to marcxml using dandy_eb2marc.xsl$g20220228$k00232825$qUk
=859  \\$aELD$bebook
=852  \\$aBritish Library$bHMNTS$cDRT$jELD.DS.669700
=985  \\$aResubmitted eBook record match on ISBN to existing record 020498040
=985  \\$aUpdated by MS generated file for WR2302-017
=CAT  \\$aBATCH-EBKN$b00$c20220303$lBLL01$h0203
=CAT  \\$aEBKS-FXD$c20220303$lBLL01$h0208
=CAT  \\$aBATCH$b00$c20220303$lBLL01$h0208
=CAT  \\$a3391$b40$c20220307$lBLL01$h1743
=CAT  \\$a8250$b40$c20220526$lBLL01$h1318
=CAT  \\$aW2302-0174$c20230223$lBLL01$h2059
=FIN  \\$aY$d20220307
=DRT  \\$aLD-ebooks
=SRC  \\$aCollection Metadata
=STA  \\$aSUPPRESSED$bDuplicate
=LAS  \\$aW2302-0174$b00$c20230223$lBLL01$h2059

