=LDR  01917cam a22004575i 4500
=001  020529180
=003  Uk
=005  20230223172834.0
=006  m\\\\||\\d\|\\\\\\
=007  cr\|||||||||||
=008  220321s2021\\\\enk|||||o\\\\f00|\||eng\\
=FMT  \\$a  BK
=020  \\$a9781528623148$qElectronic book (PDF format)
=037  \\$a00217588$bDandy Booksellers Ltd$nPublic Information Online
=040  \\$aUk$beng$cUk
=082  04$a328.4104$223
=110  2\$aNational Museum of the Royal Navy (Great Britain)
=245  14$aThe National Museum of the Royal Navy A company limited by guarantee Trustees' Report and Consolidated Financial Statements for the year ended 31 March 2020 /$cUK Parliament National Museum of the Royal Navy.
=264  \1$a[London] :$b[Dandy Booksellers Ltd],$c[2021-01-20]
=300  \\$a1 online resource (69 pages)
=336  \\$atext$2rdacontent
=337  \\$acomputer$2rdamedia
=338  \\$aonline resource$2rdacarrier
=490  0\$aHouse of Commons papers, session 2019/21 ;$vHC 1011
=655  \7$aLegislative materials.$2fast$0(OCoLC)fst01774285
=856  4\$uhttp://www.publicinformationonline.com/download/217588
=884  \\$aLDL ebooks transformation to marcxml using dandy_eb2marc.xsl$g20220321$k00217588$qUk
=859  \\$aELD$bebook
=852  \\$aBritish Library$bHMNTS$cDRT$jELD.DS.672455
=985  \\$aResubmitted eBook record match on ISBN to existing record 020105352
=985  \\$aUpdated by MS generated file for WR2302-017
=CAT  \\$aBATCH-EBKN$b00$c20220324$lBLL01$h0205
=CAT  \\$aEBKS-FXD$c20220324$lBLL01$h0217
=CAT  \\$aBATCH$b00$c20220324$lBLL01$h0219
=CAT  \\$a3391$b40$c20220328$lBLL01$h1026
=CAT  \\$a8250$b40$c20220526$lBLL01$h1318
=CAT  \\$aW2302-0174$c20230223$lBLL01$h2100
=DRT  \\$aLD-ebooks
=SRC  \\$aCollection Metadata
=STA  \\$aSUPPRESSED$bDuplicate
=LAS  \\$aW2302-0174$b00$c20230223$lBLL01$h2100

