=LDR  01747cam a22004455i 4500
=001  020529182
=003  Uk
=005  20230223172834.0
=006  m\\\\||\\d\|\\\\\\
=007  cr\|||||||||||
=008  220321s2021\\\\enk|||||o\\\\f00|\||eng\\
=FMT  \\$a  BK
=020  \\$a9781528623698$qElectronic book (PDF format)
=037  \\$a00223602$bDandy Booksellers Ltd$nPublic Information Online
=040  \\$aUk$beng$cUk
=082  04$a328.4104$223
=110  1\$aGreat Britain.$bCabinet Office.
=245  10$aCivil Superannuation Account 2019-20 (For the year ended 31 March 2020) /$cUK Parliament Cabinet Office.
=264  \1$a[London] :$b[Dandy Booksellers Ltd],$c[2021-03-18]
=300  \\$a1 online resource (53 pages)
=336  \\$atext$2rdacontent
=337  \\$acomputer$2rdamedia
=338  \\$aonline resource$2rdacarrier
=490  0\$aHouse of Commons papers, session 2019/21 ;$vHC 1148
=655  \7$aLegislative materials.$2fast$0(OCoLC)fst01774285
=856  4\$uhttp://www.publicinformationonline.com/download/223602
=884  \\$aLDL ebooks transformation to marcxml using dandy_eb2marc.xsl$g20220321$k00223602$qUk
=859  \\$aELD$bebook
=852  \\$aBritish Library$bHMNTS$cDRT$jELD.DS.672457
=985  \\$aResubmitted eBook record match on ISBN to existing record 020149161
=985  \\$aUpdated by MS generated file for WR2302-017
=CAT  \\$aBATCH-EBKN$b00$c20220324$lBLL01$h0205
=CAT  \\$aEBKS-FXD$c20220324$lBLL01$h0217
=CAT  \\$aBATCH$b00$c20220324$lBLL01$h0219
=CAT  \\$a8250$b40$c20220526$lBLL01$h1318
=CAT  \\$aW2302-0174$c20230223$lBLL01$h2100
=DRT  \\$aLD-ebooks
=SRC  \\$aCollection Metadata
=STA  \\$aSUPPRESSED$bDuplicate
=LAS  \\$aW2302-0174$b00$c20230223$lBLL01$h2100

