=LDR  01750cam a22004455i 4500
=001  020537354
=003  Uk
=005  20230223172850.0
=006  m\\\\||\\d\|\\\\\\
=007  cr\|||||||||||
=008  220321s2022\\\\enk|||||o\\\\f00|\||eng\\
=FMT  \\$a  BK
=020  \\$a9781801403429$qElectronic book (PDF format)
=037  \\$a00233711$bDandy Booksellers Ltd$nPublic Information Online
=040  \\$aUk$beng$cUk
=082  04$a328.4104$223
=110  1\$aGreat Britain.$bParliament.
=245  10$aAdvanced Research and Invention Agency Bill Motion to be moved on consideration of Commons reasons /$cUK Parliament.
=264  \1$a[London] :$b[Dandy Booksellers Ltd],$c[2022-02-04]
=300  \\$a1 online resource (2 pages)
=336  \\$atext$2rdacontent
=337  \\$acomputer$2rdamedia
=338  \\$aonline resource$2rdacarrier
=490  0\$aHouse of Lords papers, session 2021/22 ;$vHLB 105 a
=655  \7$aLegislative bills.$2fast$0(OCoLC)fst01774283
=856  4\$uhttp://www.publicinformationonline.com/download/233711
=884  \\$aLDL ebooks transformation to marcxml using dandy_eb2marc.xsl$g20220321$k00233711$qUk
=859  \\$aELD$bebook
=852  \\$aBritish Library$bHMNTS$cDRT$jELD.DS.678030
=985  \\$aResubmitted eBook record match on ISBN to existing record 020491532
=985  \\$aUpdated by MS generated file for WR2302-017
=CAT  \\$aBATCH-EBKN$b00$c20220331$lBLL01$h0205
=CAT  \\$aEBKS-FXD$c20220331$lBLL01$h0210
=CAT  \\$aBATCH$b00$c20220331$lBLL01$h0212
=CAT  \\$a8250$b40$c20220526$lBLL01$h1317
=CAT  \\$aW2302-0174$c20230223$lBLL01$h2100
=DRT  \\$aLD-ebooks
=SRC  \\$aCollection Metadata
=STA  \\$aSUPPRESSED$bDuplicate
=LAS  \\$aW2302-0174$b00$c20230223$lBLL01$h2100

