=LDR  01883cam a22004455i 4500
=001  020542715
=003  Uk
=005  20230223172859.0
=006  m\\\\||\\d\|\\\\\\
=007  cr\|||||||||||
=008  200728s2020\\\\enk|||||o\\\\f00|\||eng\\
=FMT  \\$a  BK
=020  \\$a9781839719226$qElectronic book (PDF format)
=037  \\$a00212778$bDandy Booksellers Ltd$nPublic Information Online
=040  \\$aUk$beng$cUk
=082  04$a328.4104$223
=110  1\$aGreat Britain.$bParliament.$bHouse of Commons.$bForeign Affairs Committee.
=245  10$aForeign Affairs Committee 4th Special Report. Global Britain and South America :$bGovernment Response to Committee's Twentieth Report of Session 2017-19 /$cUK Parliament Foreign Affairs Committee.
=264  \1$a[London] :$b[Dandy Booksellers Ltd],$c[2020-07-24]
=300  \\$a1 online resource (12 pages)
=336  \\$atext$2rdacontent
=337  \\$acomputer$2rdamedia
=338  \\$aonline resource$2rdacarrier
=490  0\$aHouse of Commons papers, session 2019/21 ;$vHC 667
=655  \7$aLegislative materials.$2fast$0(OCoLC)fst01774285
=856  4\$uhttp://www.publicinformationonline.com/download/212778
=884  \\$aLDL ebooks transformation to marcxml using dandy_eb2marc.xsl$g20200728$k00212778$qUk
=859  \\$aELD$bebook
=852  \\$aBritish Library$bHMNTS$cDRT$jELD.DS.680399
=985  \\$aResubmitted eBook record match on ISBN to existing record 019893264
=985  \\$aUpdated by MS generated file for WR2302-017
=CAT  \\$aBATCH-EBKN$b00$c20220405$lBLL01$h0206
=CAT  \\$aEBKS-FXD$c20220405$lBLL01$h0215
=CAT  \\$aBATCH$b00$c20220405$lBLL01$h0216
=CAT  \\$a8250$b40$c20220526$lBLL01$h1320
=CAT  \\$aW2302-0174$c20230223$lBLL01$h2100
=DRT  \\$aLD-ebooks
=SRC  \\$aCollection Metadata
=STA  \\$aSUPPRESSED$bDuplicate
=LAS  \\$aW2302-0174$b00$c20230223$lBLL01$h2100

