=LDR  02151cam a2200517 i 4500
=001  020558547
=003  Uk
=005  20230223172914.0
=006  m\\\\||\\d\|\\\\\\
=007  cr\|||||||||||
=008  220419s2022\\\\enk|||||o\\\\f00|\||eng\\
=FMT  \\$a  BK
=037  \\$a00234263$bDandy Booksellers Ltd$nPublic Information Online
=040  \\$aUk$beng$cUk
=042  \\$aukblsr
=082  04$a328.4104$223
=110  1\$aGreat Britain.$bParliament.$bHouse of Commons.$bCommittee of Public Accounts.
=245  10$aDWP Employment Support :$bKickstart Scheme : Thirty-Ninth Report of Session 2021-22.$nVolume 2,$pOral and written evidence /$cUK Parliament Committee of Public Accounts.
=264  \1$a[London] :$b[Dandy Booksellers Ltd],$c[2022-02-25]
=300  \\$a1 online resource (67 pages)
=336  \\$atext$2rdacontent
=337  \\$acomputer$2rdamedia
=338  \\$aonline resource$2rdacarrier
=490  0\$aHouse of Commons papers, session 2021/22 ;$vHC 655
=650  \7$aUnemployed$xServices for$xEvaluation.$2fast$0(OCoLC)fst01161192
=650  \7$aYouth$xTraining of.$2fast$0(OCoLC)fst01183568
=650  \7$aUnemployed youth.$2fast$0(OCoLC)fst01161212
=650  \7$aCOVID-19 (Disease)$xEconomic aspects.$2fast$0(OCoLC)fst02021810
=651  \7$aGreat Britain.$2fast$0(OCoLC)fst01204623
=655  \7$aLegislative materials.$2fast$0(OCoLC)fst01774285
=856  4\$uhttp://www.publicinformationonline.com/download/234263
=884  \\$aLDL ebooks transformation to marcxml using dandy_eb2marc.xsl$g20220419$k00234263$qUk
=859  \\$aELD$bebook
=852  \\$aBritish Library$bHMNTS$cDRT$jELD.DS.684899
=985  \\$aUpdated by MS generated file for WR2302-017
=CAT  \\$aBATCH-EBKN$b00$c20220422$lBLL01$h0202
=CAT  \\$aEBKS-FXD$c20220422$lBLL01$h0217
=CAT  \\$aBATCH$b00$c20220422$lBLL01$h0219
=CAT  \\$a3391$b40$c20220503$lBLL01$h1720
=CAT  \\$a8250$b40$c20220526$lBLL01$h1319
=CAT  \\$aW2302-0174$c20230223$lBLL01$h2100
=FIN  \\$aY$d20220503
=DRT  \\$aLD-ebooks
=SRC  \\$aCollection Metadata
=STA  \\$aSUPPRESSED$bDuplicate
=LAS  \\$aW2302-0174$b00$c20230223$lBLL01$h2100

