=LDR  01835cam a22004455i 4500
=001  020567487
=003  Uk
=005  20230223172923.0
=006  m\\\\||\\d\|\\\\\\
=007  cr\|||||||||||
=008  220425s2022\\\\enk|||||o\\\\f00|\||eng\\
=FMT  \\$a  BK
=020  \\$a9781801402163$qElectronic book (PDF format)
=037  \\$a00234229$bDandy Booksellers Ltd$nPublic Information Online
=040  \\$aUk$beng$cUk
=082  04$a328.4104$223
=110  1\$aGreat Britain.$bParliament.$bHouse of Commons.$bWomen and Equalities Committee.
=245  10$aWomen and Equalities Committee 4th Special Report :$bMenopause and the workplace survey results /$cUK Parliament Women and Equalities Committee.
=264  \1$a[London] :$b[Dandy Booksellers Ltd],$c[2022-02-25]
=300  \\$a1 online resource (26 pages)
=336  \\$atext$2rdacontent
=337  \\$acomputer$2rdamedia
=338  \\$aonline resource$2rdacarrier
=490  0\$aHouse of Commons papers, session 2021/22 ;$vHC 1157
=655  \7$aLegislative materials.$2fast$0(OCoLC)fst01774285
=856  4\$uhttp://www.publicinformationonline.com/download/234229
=884  \\$aLDL ebooks transformation to marcxml using dandy_eb2marc.xsl$g20220425$k00234229$qUk
=859  \\$aELD$bebook
=852  \\$aBritish Library$bHMNTS$cDRT$jELD.DS.687216
=985  \\$aResubmitted eBook record match on ISBN to existing record 020558516
=985  \\$aUpdated by MS generated file for WR2302-017
=CAT  \\$aBATCH-EBKN$b00$c20220428$lBLL01$h0204
=CAT  \\$aEBKS-FXD$c20220428$lBLL01$h0210
=CAT  \\$aBATCH$b00$c20220428$lBLL01$h0210
=CAT  \\$a8250$b40$c20220526$lBLL01$h1317
=CAT  \\$aW2302-0174$c20230223$lBLL01$h2101
=DRT  \\$aLD-ebooks
=SRC  \\$aCollection Metadata
=STA  \\$aSUPPRESSED$bDuplicate
=LAS  \\$aW2302-0174$b00$c20230223$lBLL01$h2101

