=LDR  01559 am a22003855i 4500
=001  018675505
=003  Uk
=005  20190208204519.0
=006  m\\\\||\\d\|\\\\\\
=007  cr\|||||||||||
=008  171220s2017\\\\enk|||||o\\\\f00|\||eng\\
=FMT  \\$a  BK
=037  \\$a00157669$bDandy Booksellers Ltd$nPublic Information Online
=040  \\$aUk$beng$cUk
=110  1\$aGreat Britain.$bDepartment for Education.
=245  10$aOldham Opportunity Area 2017-20 :$bA promise to children and young people in Oldham /$cUK Parliament Department for Education (Formerly Department for Children, Schools and Families).
=264  \1$aLondon :$bDandy Booksellers Ltd,$c[2017-12-14].
=300  \\$a1 online resource (38 pages).
=336  \\$atext$2rdacontent
=337  \\$acomputer$2rdamedia
=338  \\$aonline resource$2rdacarrier
=490  0\$aUK Parliament Command Paper, session 2017/19 ;$vCM 9541
=856  4\$uhttp://www.publicinformationonline.com/download/157669
=884  \\$aLDL ebooks transformation to marcxml using dandy_eb2marc.xsl$g20171220$k00157669$qUk
=859  \\$aELD$bebook
=852  \\$aBritish Library$bHMNTS$cDRT$jELD.DS.246618
=CAT  \\$aBATCH-EBKN$b00$c20180111$lBLL01$h0201
=CAT  \\$aEBKS-FXD$c20180111$lBLL01$h0211
=CAT  \\$aBATCH$b00$c20180111$lBLL01$h0212
=CAT  \\$a8250$b40$c20180118$lBLL01$h1059
=CAT  \\$aW1810-2163$c20190208$lBLL01$h2045
=DRT  \\$aLD-ebooks
=SRC  \\$aCollection Metadata
=STA  \\$aSUPPRESSED$bIncorrect document attached.
=LAS  \\$aW1810-2163$b00$c20190208$lBLL01$h2045

