=LDR  01757 am a22004935i 4500
=001  018685073
=003  Uk
=005  20190208204556.0
=006  m\\\\||\\d\|\\\\\\
=007  cr\|||||||||||
=008  180115s2018\\\\xxk|||||o\\\\||||\||eng\\
=FMT  \\$a  BK
=020  \\$a9781408888162$qElectronic book (EPUB format)
=020  \\$a1408888165$qElectronic book (EPUB format)
=020  \\$z9781408888148$qprint
=037  \\$a9781408888162$bCodeMantra
=040  \\$aUk$beng$cUk
=100  1\$aBingham, Charlotte,$cMs,$eauthor.
=245  10$aMI5 and Me :$bA Coronet Among the Spooks /$cCharlotte Bingham.
=264  \1$aLondon :$bBloomsbury Publishing,$c2018.
=264  \4$c2018
=300  \\$a1 online resource (256 pages).
=336  \\$atext$2rdacontent
=337  \\$acomputer$2rdamedia
=338  \\$aonline resource$2rdacarrier
=650  \7$aEspionage & secret services.$2bicssc
=650  \7$aBiography & Autobiography$xPersonal Memoirs.$2bisacsh
=650  \7$aMemoirs.$2bicssc
=856  4\$uhttp://www.bloomsbury.com/9781408888162
=884  \\$aLDL ebooks ONIX to marcxml transformation using Record_Load-eBooks_Legal_Deposit_onix2marc_v2-1.xsl$g20180115$k9781408888162$qUk
=859  \\$aELD$bebook
=852  \\$aBritish Library$bHMNTS$cDRT$jELD.DS.250663
=CAT  \\$aBATCH-EBKN$b00$c20180118$lBLL01$h0201
=CAT  \\$aEBKS-FXD$c20180118$lBLL01$h0212
=CAT  \\$aBATCH$b00$c20180118$lBLL01$h0214
=CAT  \\$a10983$b40$c20180228$lBLL01$h1330
=CAT  \\$aW1810-2163$c20190208$lBLL01$h2045
=DRT  \\$aLD-ebooks
=SRC  \\$aCollection Metadata
=STA  \\$aSUPPRESSED$bWithdrawn
=ONS  \7$aJPSH$2bicssc
=ONS  \7$aBIO$x026000$2bisacsh
=ONS  \7$aBM$2bicssc
=LAS  \\$aW1810-2163$b00$c20190208$lBLL01$h2045

