=LDR  01816 am a22004095i 4500
=001  018685383
=003  Uk
=005  20191114152925.0
=006  m\\\\||\\d\|\\\\\\
=007  cr\|||||||||||
=008  180104s2017\\\\enk|||||o\\\\f00|\||eng\\
=FMT  \\$a  BK
=020  \\$a9781787327306$qElectronic book (PDF format)
=037  \\$a00157894$bDandy Booksellers Ltd$nPublic Information Online
=040  \\$aUk$beng$cUk
=110  1\$aGreat Britain.$bParliament.$bHouse of Commons.$bNorthern Ireland Affairs Committee.
=245  10$aElectricity sector in Northern Ireland :$bGovernment Response to the Committee's Third Report of Session 2016-17 : Second Special Report of Session 2017-19 /$cUK Parliament Northern Ireland Affairs Committee.
=264  \1$aLondon :$bDandy Booksellers Ltd,$c[2017-12-22].
=300  \\$a1 online resource (7 pages).
=336  \\$atext$2rdacontent
=337  \\$acomputer$2rdamedia
=338  \\$aonline resource$2rdacarrier
=490  0\$aHouse of Commons papers, session 2017/19 ;$vHC 51
=856  4\$uhttp://www.publicinformationonline.com/download/157894
=884  \\$aLDL ebooks transformation to marcxml using dandy_eb2marc.xsl$g20180104$k00157894$qUk
=859  \\$aELD$bebook
=852  \\$aBritish Library$bHMNTS$cDRT$jELD.DS.250973
=CAT  \\$aBATCH-EBKN$b00$c20180118$lBLL01$h0202
=CAT  \\$aEBKS-FXD$c20180118$lBLL01$h0212
=CAT  \\$aBATCH$b00$c20180118$lBLL01$h0214
=CAT  \\$a14509$b40$c20180123$lBLL01$h1518
=CAT  \\$aW1810-2163$c20190208$lBLL01$h2045
=CAT  \\$a8250$b40$c20191114$lBLL01$h1529
=DRT  \\$aLD-ebooks
=SRC  \\$aCollection Metadata
=STA  \\$aSUPPRESSED$bThis paper has been withdrawn and replaced by paper with same content but correct paper number HC 921 (Aleph #019597552)
=LAS  \\$a8250$b40$c20191114$lBLL01$h1529

