=LDR  01556 am a22003975i 4500
=001  018687610
=003  Uk
=005  20190208204606.0
=006  m\\\\||\\d\|\\\\\\
=007  cr\|||||||||||
=008  180117s2018\\\\enk|||||o\\\\f00|\||eng\\
=FMT  \\$a  BK
=037  \\$a00158459$bDandy Booksellers Ltd$nPublic Information Online
=040  \\$aUk$beng$cUk
=110  1\$aGreat Britain.$bDepartment for Business, Energy & Industrial Strategy.
=245  10$aNuclear Safeguards Bill 2017-19 :$bKeeling schedule /$cDepartment for Business, Energy & Industrial Strategy.
=264  \1$aLondon :$bDandy Booksellers Ltd,$c[2018-01-12].
=300  \\$a1 online resource (54 pages).
=336  \\$atext$2rdacontent
=337  \\$acomputer$2rdamedia
=338  \\$aonline resource$2rdacarrier
=856  4\$uhttp://www.publicinformationonline.com/download/158459
=884  \\$aLDL ebooks transformation to marcxml using dandy_eb2marc.xsl$g20180117$k00158459$qUk
=859  \\$aELD$bebook
=852  \\$aBritish Library$bHMNTS$cDRT$jELD.DS.252079
=CAT  \\$aBATCH-EBKN$b00$c20180120$lBLL01$h0206
=CAT  \\$aEBKS-FXD$c20180120$lBLL01$h0213
=CAT  \\$aBATCH$b00$c20180120$lBLL01$h0214
=CAT  \\$a14509$b40$c20180124$lBLL01$h1311
=CAT  \\$a14509$b40$c20180124$lBLL01$h1526
=CAT  \\$a6550$b40$c20181001$lBLL01$h1441
=CAT  \\$aW1810-2163$c20190208$lBLL01$h2046
=DRT  \\$aLD-ebooks
=SRC  \\$aCollection Metadata
=STA  \\$aSUPPRESSED$bSuppressed by MQ at request of Patrick Casey
=LAS  \\$aW1810-2163$b00$c20190208$lBLL01$h2046

