=LDR  01987cam a22004455i 4500
=001  018791637
=003  Uk
=005  20230223164506.0
=006  m\\\\||\\d\|\\\\\\
=007  cr\|||||||||||
=008  180307s2018\\\\enk|||||o\\\\f00|\||eng\\
=FMT  \\$a  BK
=020  \\$a9781787325081$qElectronic book (PDF format)
=037  \\$a00169438$bDandy Booksellers Ltd$nPublic Information Online
=040  \\$aUk$beng$cUk
=110  1\$aGreat Britain.$bParliament.$bHouse of Commons.$bCommittee of Public Accounts.
=245  10$aPublic Accounts Committee 22nd Report. The monitoring, inspection and funding of Learndirect Ltd,$nVolume 1,$pReport /$cUK Parliament Public Accounts Committee.
=264  \1$aLondon :$bDandy Booksellers Ltd,$c[2018-03-02].
=300  \\$a1 online resource (17 pages).
=336  \\$atext$2rdacontent
=337  \\$acomputer$2rdamedia
=338  \\$aonline resource$2rdacarrier
=490  0\$aHouse of Commons papers, session 2017/19 ;$vHC 646
=655  \7$aLegislative materials.$2fast$0(OCoLC)fst01774285
=856  4\$uhttp://www.publicinformationonline.com/download/169438
=884  \\$aLDL ebooks transformation to marcxml using dandy_eb2marc.xsl$g20180307$k00169438$qUk
=859  \\$aELD$bebook
=852  \\$aBritish Library$bHMNTS$cDRT$jELD.DS.269832
=985  \\$aUpdated by MS generated file for WR2302-017
=CAT  \\$aBATCH-EBKN$b00$c20180310$lBLL01$h0206
=CAT  \\$aEBKS-FXD$c20180310$lBLL01$h0210
=CAT  \\$aBATCH$b00$c20180310$lBLL01$h0210
=CAT  \\$a6550$b40$c20180322$lBLL01$h1407
=CAT  \\$aW1810-2163$c20190208$lBLL01$h2048
=CAT  \\$a5194$b40$c20220412$lBLL01$h0816
=CAT  \\$aW2302-0174$c20230223$lBLL01$h2020
=DRT  \\$aLD-ebooks
=SRC  \\$aCollection Metadata
=STA  \\$aSUPPRESSED$bIssued with an incorrect Parliamentary Paper number, HC 646; withdrawn and replaced with the correct number, HC 875, which was received via Dandy on Aleph #018801164
=LAS  \\$aW2302-0174$b00$c20230223$lBLL01$h2020

