=LDR  01899cam a22004455i 4500
=001  018801203
=003  Uk
=005  20230223164519.0
=006  m\\\\||\\d\|\\\\\\
=007  cr\|||||||||||
=008  180314s2018\\\\enk|||||o\\\\f00|\||eng\\
=FMT  \\$a  BK
=037  \\$a00172782$bDandy Booksellers Ltd$nPublic Information Online
=040  \\$aUk$beng$cUk
=110  1\$aGreat Britain.$bHome Office.
=245  10$aNational Crime Agency Remuneration :$bFourth Report 2017 Executive Summary /$cUK Parliament Home Office, UK Parliament Office of Manpower Economics, UK Parliament National Crime Agency.
=264  \1$aLondon :$bDandy Booksellers Ltd,$c[2018-03-08].
=300  \\$a1 online resource (7 pages).
=336  \\$atext$2rdacontent
=337  \\$acomputer$2rdamedia
=338  \\$aonline resource$2rdacarrier
=490  0\$aUK Parliament Command Paper, session 2017/19 ;$vCM 9564
=655  \7$aLegislative materials.$2fast$0(OCoLC)fst01774285
=710  1\$aGreat Britain.$bOffice of Manpower Economics.
=710  2\$aNational Crime Agency (Great Britain)
=856  4\$uhttp://www.publicinformationonline.com/download/172782
=884  \\$aLDL ebooks transformation to marcxml using dandy_eb2marc.xsl$g20180314$k00172782$qUk
=859  \\$aELD$bebook
=852  \\$aBritish Library$bHMNTS$cDRT$jELD.DS.271409
=985  \\$aUpdated by MS generated file for WR2302-017
=CAT  \\$aBATCH-EBKN$b00$c20180317$lBLL01$h0225
=CAT  \\$aEBKS-FXD$c20180317$lBLL01$h0231
=CAT  \\$aBATCH$b00$c20180317$lBLL01$h0231
=CAT  \\$a6550$b40$c20180322$lBLL01$h1408
=CAT  \\$aW1810-2163$c20190208$lBLL01$h2048
=CAT  \\$aW2302-0174$c20230223$lBLL01$h2020
=DRT  \\$aLD-ebooks
=SRC  \\$aCollection Metadata
=STA  \\$aSUPPRESSED$bNot a separate publication, just an extract from the full report held at Aleph #018801199
=LAS  \\$aW2302-0174$b00$c20230223$lBLL01$h2020

