=LDR  01896 am a22004455i 4500
=001  018817162
=003  Uk
=005  20190208204924.0
=006  m\\\\||\\d\|\\\\\\
=007  cr\|||||||||||
=008  180322s2017\\\\enk|||||o\\\\f00|\||eng\\
=FMT  \\$a  BK
=037  \\$a00151036$bDandy Booksellers Ltd$nPublic Information Online
=040  \\$aUk$beng$cUk
=110  1\$aGreat Britain.$bDepartment of Health.
=245  10$aAbortion Statistics, England and Wales : 2016 :$bSummary information from the abortion notification forms returned to the Chief Medical Officers of England and Wales /$cKey Non Parliamentary Papers Department of Health.
=250  \\$aRevised October 2017.
=264  \1$aLondon :$bDandy Booksellers Ltd,$c[2017]
=300  \\$a1 online resource (93 pages)
=336  \\$atext$2rdacontent
=337  \\$acomputer$2rdamedia
=338  \\$aonline resource$2rdacarrier
=655  \0$aGovernment publications.
=856  4\$uhttp://www.publicinformationonline.com/download/151036
=884  \\$aLDL ebooks transformation to marcxml using dandy_eb2marc.xsl$g20180322$k00151036$qUk
=859  \\$aELD$bebook
=852  \\$aBritish Library$bHMNTS$cDRT$jELD.DS.273687
=CAT  \\$aBATCH-EBKN$b00$c20180330$lBLL01$h0216
=CAT  \\$aEBKS-FXD$c20180330$lBLL01$h0221
=CAT  \\$aBATCH$b00$c20180330$lBLL01$h0222
=CAT  \\$a3391$b40$c20180403$lBLL01$h1903
=CAT  \\$a3391$b40$c20180403$lBLL01$h1904
=CAT  \\$a3391$b40$c20180403$lBLL01$h1915
=CAT  \\$a3391$b40$c20180403$lBLL01$h1922
=CAT  \\$a6550$b40$c20180409$lBLL01$h1222
=CAT  \\$aW1810-2163$c20190208$lBLL01$h2049
=DRT  \\$aLD-ebooks
=SRC  \\$aCollection Metadata
=STA  \\$aSUPPRESSED$bDuplicate. Already received via portal on Aleph #018614887. These are both the Oct 2017 revision; the original June 2017 edition is also held.
=LAS  \\$aW1810-2163$b00$c20190208$lBLL01$h2049

