=LDR  01880cam a22004695i 4500
=001  018817192
=003  Uk
=005  20230223164537.0
=006  m\\\\||\\d\|\\\\\\
=007  cr\|||||||||||
=008  180322s2018\\\\enk|||||o\\\\f00|\||eng\\
=FMT  \\$a  BK
=037  \\$a00172993$bDandy Booksellers Ltd$nPublic Information Online
=040  \\$aUk$beng$cUk
=110  1\$aGreat Britain.$bParliament.$bEcclesiastical Committee.
=245  10$aEcclesiastical Jurisdiction and Care of Churches Measure :$bTable of Origins /$c[UK Parliament Ecclesiastical Committee].
=264  \1$aLondon :$bDandy Booksellers Ltd,$c[2018-03-14]
=300  \\$a1 online resource (17 pages).
=336  \\$atext$2rdacontent
=337  \\$acomputer$2rdamedia
=338  \\$aonline resource$2rdacarrier
=490  0\$a[House of Commons papers, session 2017/19] ;$v[HC 783]
=490  0\$a[House of Lords papers, session 2017/19] ;$v[HL 94]
=655  \7$aLegislative materials.$2fast$0(OCoLC)fst01774285
=856  4\$uhttp://www.publicinformationonline.com/download/172993
=884  \\$aLDL ebooks transformation to marcxml using dandy_eb2marc.xsl$g20180322$k00172993$qUk
=859  \\$aELD$bebook
=852  \\$aBritish Library$bHMNTS$cDRT$jELD.DS.273717
=985  \\$aUpdated by MS generated file for WR2302-017
=CAT  \\$aBATCH-EBKN$b00$c20180330$lBLL01$h0216
=CAT  \\$aEBKS-FXD$c20180330$lBLL01$h0221
=CAT  \\$aBATCH$b00$c20180330$lBLL01$h0222
=CAT  \\$a3391$b40$c20180403$lBLL01$h2037
=CAT  \\$a3391$b40$c20180403$lBLL01$h2038
=CAT  \\$a3391$b40$c20180403$lBLL01$h2039
=CAT  \\$a8874$b40$c20181217$lBLL01$h0849
=CAT  \\$aW1810-2163$c20190208$lBLL01$h2049
=CAT  \\$aW2302-0174$c20230223$lBLL01$h2021
=DRT  \\$aLD-ebooks
=SRC  \\$aCollection Metadata
=STA  \\$aSUPPRESSED$bNot in scope.
=LAS  \\$aW2302-0174$b00$c20230223$lBLL01$h2021

