=LDR  01813cam a22004215i 4500
=001  018818341
=003  Uk
=005  20230223164539.0
=006  m\\\\||\\d\|\\\\\\
=007  cr\|||||||||||
=008  180328s2018\\\\enk|||||o\\\\f00|\||eng\\
=FMT  \\$a  BK
=037  \\$a00173249$bDandy Booksellers Ltd$nPublic Information Online
=040  \\$aUk$beng$cUk
=110  1\$aGreat Britain.$bMinistry of Justice.
=245  14$aThe Personal Injury Discount Rate :$bHow it should be set in future /$cUK Parliament Ministry of Justice.
=264  \1$aLondon :$bDandy Booksellers Ltd,$c[2018-03-21].
=300  \\$a1 online resource (62 pages).
=336  \\$atext$2rdacontent
=337  \\$acomputer$2rdamedia
=338  \\$aonline resource$2rdacarrier
=490  0\$aUK Parliament Command Paper, session 2017/19 ;$vCM 9567
=655  \7$aLegislative materials.$2fast$0(OCoLC)fst01774285
=856  4\$uhttp://www.publicinformationonline.com/download/173249
=884  \\$aLDL ebooks transformation to marcxml using dandy_eb2marc.xsl$g20180328$k00173249$qUk
=859  \\$aELD$bebook
=852  \\$aBritish Library$bHMNTS$cDRT$jELD.DS.274583
=985  \\$aUpdated by MS generated file for WR2302-017
=CAT  \\$aBATCH-EBKN$b00$c20180331$lBLL01$h0212
=CAT  \\$aEBKS-FXD$c20180331$lBLL01$h0217
=CAT  \\$aBATCH$b00$c20180331$lBLL01$h0218
=CAT  \\$a6550$b40$c20180409$lBLL01$h1223
=CAT  \\$aW1810-2163$c20190208$lBLL01$h2049
=CAT  \\$aW2302-0174$c20230223$lBLL01$h2021
=DRT  \\$aLD-ebooks
=SRC  \\$aCollection Metadata
=STA  \\$aSUPPRESSED$bDuplicate. This is not CM 9567 - which is held as Aleph #18818367 - but a related publication, a consultation response published in 2017. Already received via portal on Aleph #018594105.
=LAS  \\$aW2302-0174$b00$c20230223$lBLL01$h2021

