=LDR  01673cam a22004095i 4500
=001  018849285
=003  Uk
=005  20230223164607.0
=006  m\\\\||\\d\|\\\\\\
=007  cr\|||||||||||
=008  180425s2018\\\\enk|||||o\\\\f00|\||eng\\
=FMT  \\$a  BK
=037  \\$a00174010$bDandy Booksellers Ltd$nPublic Information Online
=040  \\$aUk$beng$cUk
=110  1\$aGreat Britain.$bParliament.$bHouse of Commons.$bWork and Pensions Committee.
=245  10$aWork and Pensions Committee 10th Report. Assistive technology,$nVolume 1,$pReport - Large Print Version /$cUK Parliament Work and Pensions Committee.
=264  \1$aLondon :$bDandy Booksellers Ltd,$c[2018-04-20].
=300  \\$a1 online resource (103 pages).
=336  \\$atext$2rdacontent
=337  \\$acomputer$2rdamedia
=338  \\$aonline resource$2rdacarrier
=490  0\$aHouse of Commons papers, session 2017/19 ;$vHC 673
=655  \7$aLegislative materials.$2fast$0(OCoLC)fst01774285
=856  4\$uhttp://www.publicinformationonline.com/download/174010
=884  \\$aLDL ebooks transformation to marcxml using dandy_eb2marc.xsl$g20180425$k00174010$qUk
=859  \\$aELD$bebook
=852  \\$aBritish Library$bHMNTS$cDRT$jELD.DS.280035
=985  \\$aUpdated by MS generated file for WR2302-017
=CAT  \\$aBATCH-EBKN$b00$c20180428$lBLL01$h0220
=CAT  \\$aEBKS-FXD$c20180428$lBLL01$h0228
=CAT  \\$aBATCH$b00$c20180428$lBLL01$h0228
=CAT  \\$a8874$b40$c20180504$lBLL01$h0718
=CAT  \\$aW2302-0174$c20230223$lBLL01$h2021
=DRT  \\$aLD-ebooks
=SRC  \\$aCollection Metadata
=STA  \\$aSUPPRESSED$bOut of scope for LDL
=LAS  \\$aW2302-0174$b00$c20230223$lBLL01$h2021

