=LDR  01865cam a22004335i 4500
=001  019003199
=003  Uk
=005  20230223164847.0
=006  m\\\\||\\d\|\\\\\\
=007  cr\|||||||||||
=008  180801s2018\\\\enk|||||o\\\\f00|\||eng\\
=FMT  \\$a  BK
=037  \\$a00177822$bDandy Booksellers Ltd$nPublic Information Online
=040  \\$aUk$beng$cUk$dUk
=082  04$a328.4104$223
=110  1\$aGreat Britain.$bDepartment for Education.
=245  10$aFostering Better Outcomes The Government response to the Education Select Committee report into fostering and Foster Care in England July 2018 :$bYoung People's Version /$cUK Parliament Department for Education (Formerly Department for Children, Schools and Families).
=264  \1$aLondon :$bDandy Booksellers Ltd,$c[2018-07-20].
=300  \\$a1 online resource (2 pages).
=336  \\$atext$2rdacontent
=337  \\$acomputer$2rdamedia
=338  \\$aonline resource$2rdacarrier
=490  0\$aUK Parliament Command Paper, session 2017/19 ;$vCM 9662
=655  \7$aLegislative materials.$2fast$0(OCoLC)fst01774285
=856  4\$uhttp://www.publicinformationonline.com/download/177822
=884  \\$aLDL ebooks transformation to marcxml using dandy_eb2marc.xsl$g20180801$k00177822$qUk
=859  \\$aELD$bebook
=852  \\$aBritish Library$bHMNTS$cDRT$jELD.DS.316713
=985  \\$aUpdated by MS generated file for WR2302-017
=CAT  \\$aBATCH-EBKN$b00$c20180804$lBLL01$h0220
=CAT  \\$aEBKS-FXD$c20180804$lBLL01$h0232
=CAT  \\$aBATCH$b00$c20180804$lBLL01$h0233
=CAT  \\$a8250$b40$c20180824$lBLL01$h1210
=CAT  \\$a8250$b40$c20180824$lBLL01$h1211
=CAT  \\$aW2302-0174$c20230223$lBLL01$h2023
=DRT  \\$aLD-ebooks
=SRC  \\$aCollection Metadata
=STA  \\$aSUPPRESSED$bSuppressed by MQ at request of Patrick Casey
=LAS  \\$aW2302-0174$b00$c20230223$lBLL01$h2023

