=LDR  01814cam a22004335i 4500
=001  019016286
=003  Uk
=005  20230223164905.0
=006  m\\\\||\\d\|\\\\\\
=007  cr\|||||||||||
=008  180809s2018\\\\enk|||||o\\\\f00|\||eng\\
=FMT  \\$a  BK
=037  \\$a00178284$bDandy Booksellers Ltd$nPublic Information Online
=040  \\$aUk$beng$cUk$dUk
=082  04$a328.4104$223
=110  1\$aGreat Britain.$bParliament.$bHouse of Commons.$bPetitions Committee.
=245  10$aPetitions Committee 1st Special Report. Online abuse and the experience of disabled people :$bdraft recommendations for consultation. In large print format /$cUK Parliament Petitions Committee.
=264  \1$aLondon :$bDandy Booksellers Ltd,$c[2018-08-03].
=300  \\$a1 online resource (20 pages).
=336  \\$atext$2rdacontent
=337  \\$acomputer$2rdamedia
=338  \\$aonline resource$2rdacarrier
=490  0\$aHouse of Commons papers, session 2017/19 ;$vHC 1459
=655  \7$aLegislative materials.$2fast$0(OCoLC)fst01774285
=856  4\$uhttp://www.publicinformationonline.com/download/178284
=884  \\$aLDL ebooks transformation to marcxml using dandy_eb2marc.xsl$g20180809$k00178284$qUk
=859  \\$aELD$bebook
=852  \\$aBritish Library$bHMNTS$cDRT$jELD.DS.318311
=985  \\$aUpdated by MS generated file for WR2302-017
=CAT  \\$aBATCH-EBKN$b00$c20180812$lBLL01$h0224
=CAT  \\$aEBKS-FXD$c20180812$lBLL01$h0237
=CAT  \\$aBATCH$b00$c20180812$lBLL01$h0238
=CAT  \\$a8250$b40$c20180824$lBLL01$h1210
=CAT  \\$a8250$b40$c20180824$lBLL01$h1211
=CAT  \\$aW2302-0174$c20230223$lBLL01$h2024
=DRT  \\$aLD-ebooks
=SRC  \\$aCollection Metadata
=STA  \\$aSUPPRESSED$bSuppressed by MQ at request of Patrick Casey
=LAS  \\$aW2302-0174$b00$c20230223$lBLL01$h2024

