=LDR  01762cam a22004215i 4500
=001  019045885
=003  Uk
=005  20230223164939.0
=006  m\\\\||\\d\|\\\\\\
=007  cr\|||||||||||
=008  180830s2018\\\\enk|||||o\\\\f00|\||eng\\
=FMT  \\$a  BK
=037  \\$a00177244$bDandy Booksellers Ltd$nPublic Information Online
=040  \\$aUk$beng$cUk
=082  04$a328.4104$223
=110  1\$aGreat Britain.$bParliament.$bHouse of Lords.$bEconomic Affairs Committee.
=245  10$aEconomic Affairs Committee 2nd Report. Treating Students Fairly :$bThe Economics of Post-School Education,$nVolume 2,$pOral and written evidence /$cUK Parliament Economic Affairs Committee.
=264  \1$aLondon :$bDandy Booksellers Ltd,$c[2018-06-11].
=300  \\$a1 online resource (1054 pages).
=336  \\$atext$2rdacontent
=337  \\$acomputer$2rdamedia
=338  \\$aonline resource$2rdacarrier
=490  0\$aHouse of Lords papers, session 2017/19 ;$vHL 139
=655  \7$aLegislative materials.$2fast$0(OCoLC)fst01774285
=856  4\$uhttp://www.publicinformationonline.com/download/177244
=884  \\$aLDL ebooks transformation to marcxml using dandy_eb2marc.xsl$g20180830$k00177244$qUk
=859  \\$aELD$bebook
=852  \\$aBritish Library$bHMNTS$cDRT$jELD.DS.323806
=985  \\$aUpdated by MS generated file for WR2302-017
=CAT  \\$aBATCH-EBKN$b00$c20180909$lBLL01$h0201
=CAT  \\$aEBKS-FXD$c20180909$lBLL01$h0212
=CAT  \\$aBATCH$b00$c20180909$lBLL01$h0213
=CAT  \\$a6550$b40$c20181001$lBLL01$h1440
=CAT  \\$aW2302-0174$c20230223$lBLL01$h2024
=DRT  \\$aLD-ebooks
=SRC  \\$aCollection Metadata
=STA  \\$aSUPPRESSED$bSuppressed by MQ at request of Patrick Casey
=LAS  \\$aW2302-0174$b00$c20230223$lBLL01$h2024

