=LDR  01396 am a22003735i 4500
=001  019050335
=003  Uk
=005  20181001144046.0
=006  m\\\\||\\d\|\\\\\\
=007  cr\|||||||||||
=008  180905s2018\\\\enk|||||o\\\\f00|\||eng\\
=FMT  \\$a  BK
=037  \\$a00179766$bDandy Booksellers Ltd$nPublic Information Online
=040  \\$aUk$beng$cUk
=110  1\$aGreat Britain.$bTransport.
=245  10$aNational Travel Survey :$bEngland 2017. Technical Report /$cKey Non Parliamentary Papers Transport (DfT).
=264  \1$aLondon :$bDandy Booksellers Ltd,$c[2018-08-17].
=300  \\$a1 online resource (276 pages).
=336  \\$atext$2rdacontent
=337  \\$acomputer$2rdamedia
=338  \\$aonline resource$2rdacarrier
=655  \0$aGovernment publications.
=856  4\$uhttp://www.publicinformationonline.com/download/179766
=884  \\$aLDL ebooks transformation to marcxml using dandy_eb2marc.xsl$g20180905$k00179766$qUk
=859  \\$aELD$bebook
=852  \\$aBritish Library$bHMNTS$cDRT$jELD.DS.326663
=CAT  \\$aBATCH-EBKN$b00$c20180912$lBLL01$h0201
=CAT  \\$aEBKS-FXD$c20180912$lBLL01$h0214
=CAT  \\$aBATCH$b00$c20180912$lBLL01$h0216
=CAT  \\$a6550$b40$c20181001$lBLL01$h1440
=DRT  \\$aLD-ebooks
=SRC  \\$aCollection Metadata
=STA  \\$aSUPPRESSED$bSuppressed by MQ at request of Patrick Casey
=LAS  \\$a6550$b40$c20181001$lBLL01$h1440

