=LDR  01775cam a22004215i 4500
=001  019076681
=003  Uk
=005  20230223165029.0
=006  m\\\\||\\d\|\\\\\\
=007  cr\|||||||||||
=008  181003s2018\\\\enk|||||o\\\\f00|\||eng\\
=FMT  \\$a  BK
=037  \\$a00180919$bDandy Booksellers Ltd$nPublic Information Online
=040  \\$aUk$beng$cUk
=082  04$a328.4104$223
=110  1\$aGreat Britain.$bParliament.$bHouse of Commons.$bForeign Affairs Committee.
=245  10$aForeign Affairs Committee 12th Report. Global Britain :$bThe Responsibility to Protect and Humanitarian Intervention,$nVolume 2,$pOral and written evidence /$cUK Parliament Foreign Affairs Committee.
=264  \1$aLondon :$bDandy Booksellers Ltd,$c[2018-09-10].
=300  \\$a1 online resource (181 pages).
=336  \\$atext$2rdacontent
=337  \\$acomputer$2rdamedia
=338  \\$aonline resource$2rdacarrier
=490  0\$aHouse of Commons papers, session 2017/19 ;$vHC 1005
=655  \7$aLegislative materials.$2fast$0(OCoLC)fst01774285
=856  4\$uhttp://www.publicinformationonline.com/download/180919
=884  \\$aLDL ebooks transformation to marcxml using dandy_eb2marc.xsl$g20181003$k00180919$qUk
=859  \\$aELD$bebook
=852  \\$aBritish Library$bHMNTS$cDRT$jELD.DS.333770
=985  \\$aUpdated by MS generated file for WR2302-017
=CAT  \\$aBATCH-EBKN$b00$c20181006$lBLL01$h0200
=CAT  \\$aEBKS-FXD$c20181006$lBLL01$h0212
=CAT  \\$aBATCH$b00$c20181006$lBLL01$h0213
=CAT  \\$a8250$b40$c20181011$lBLL01$h1351
=CAT  \\$aW2302-0174$c20230223$lBLL01$h2025
=DRT  \\$aLD-ebooks
=SRC  \\$aCollection Metadata
=STA  \\$aSUPPRESSED$bSuppressed by MQ at request of Patrick Casey
=LAS  \\$aW2302-0174$b00$c20230223$lBLL01$h2025

