=LDR  01701cam a22004215i 4500
=001  019126633
=003  Uk
=005  20230223165136.0
=006  m\\\\||\\d\|\\\\\\
=007  cr\|||||||||||
=008  181114s2018\\\\enk|||||o\\\\f00|\||eng\\
=FMT  \\$a  BK
=037  \\$a00182367$bDandy Booksellers Ltd$nPublic Information Online
=040  \\$aUk$beng$cUk
=082  04$a328.4104$223
=110  1\$aGreat Britain.$bParliament.$bHouse of Commons.$bWork and Pensions Committee.
=245  10$aWork and Pensions Committee 19th Report. Benefit Sanctions,$nVolume 1,$pReport. In large print format /$cUK Parliament Work and Pensions Committee.
=264  \1$a[London] :$b[Dandy Booksellers Ltd],$c[2018-11-06]
=300  \\$a1 online resource (218 pages)
=336  \\$atext$2rdacontent
=337  \\$acomputer$2rdamedia
=338  \\$aonline resource$2rdacarrier
=490  0\$aHouse of Commons papers, session 2017/19 ;$vHC 955
=655  \7$aLegislative materials.$2fast$0(OCoLC)fst01774285
=856  4\$uhttp://www.publicinformationonline.com/download/182367
=884  \\$aLDL ebooks transformation to marcxml using dandy_eb2marc.xsl$g20181114$k00182367$qUk
=859  \\$aELD$bebook
=852  \\$aBritish Library$bHMNTS$cDRT$jELD.DS.353141
=985  \\$aUpdated by MS generated file for WR2302-017
=CAT  \\$aBATCH-EBKN$b00$c20181117$lBLL01$h0200
=CAT  \\$aEBKS-FXD$c20181117$lBLL01$h0208
=CAT  \\$aBATCH$b00$c20181117$lBLL01$h0209
=CAT  \\$a8250$b40$c20181126$lBLL01$h1113
=CAT  \\$aW2302-0174$c20230223$lBLL01$h2026
=DRT  \\$aLD-ebooks
=SRC  \\$aCollection Metadata
=STA  \\$aSUPPRESSED$bLarge print format.
=LAS  \\$aW2302-0174$b00$c20230223$lBLL01$h2026

