=LDR  01722cam a22004215i 4500
=001  019138433
=003  Uk
=005  20230223165153.0
=006  m\\\\||\\d\|\\\\\\
=007  cr\|||||||||||
=008  181121s2018\\\\enk|||||o\\\\f00|\||eng\\
=FMT  \\$a  BK
=037  \\$a00182421$bDandy Booksellers Ltd$nPublic Information Online
=040  \\$aUk$beng$cUk
=082  04$a328.4104$223
=110  1\$aGreat Britain.$bParliament.$bHouse of Commons.$bWork and Pensions Committee.
=245  10$aWork and Pensions Committee 19th Report. Benefit Sanctions,$nVolume 2,$pOral and written evidence /$cUK Parliament Work and Pensions Committee.
=264  \1$a[London] :$b[Dandy Booksellers Ltd],$c[2018-11-06]
=300  \\$a1 online resource (644 pages)
=336  \\$atext$2rdacontent
=337  \\$acomputer$2rdamedia
=338  \\$aonline resource$2rdacarrier
=490  0\$aHouse of Commons papers, session 2017/19 ;$vHC 955
=655  \7$aLegislative materials.$2fast$0(OCoLC)fst01774285
=856  4\$uhttp://www.publicinformationonline.com/download/182421
=884  \\$aLDL ebooks transformation to marcxml using dandy_eb2marc.xsl$g20181121$k00182421$qUk
=859  \\$aELD$bebook
=852  \\$aBritish Library$bHMNTS$cDRT$jELD.DS.358512
=985  \\$aUpdated by MS generated file for WR2302-017
=CAT  \\$aBATCH-EBKN$b00$c20181124$lBLL01$h0200
=CAT  \\$aEBKS-FXD$c20181124$lBLL01$h0206
=CAT  \\$aBATCH$b00$c20181124$lBLL01$h0207
=CAT  \\$a6550$b40$c20181204$lBLL01$h1110
=CAT  \\$aW2302-0174$c20230223$lBLL01$h2026
=DRT  \\$aLD-ebooks
=SRC  \\$aCollection Metadata
=STA  \\$aSUPPRESSED$bSuppressed by MQ at request of Patrick Casey
=LAS  \\$aW2302-0174$b00$c20230223$lBLL01$h2026

