=LDR  01724cam a22004455i 4500
=001  019169002
=003  Uk
=005  20230223165354.0
=006  m\\\\||\\d\|\\\\\\
=007  cr\|||||||||||
=008  181205s2018\\\\enk|||||o\\\\f00|\||eng\\
=FMT  \\$a  BK
=037  \\$a00190260$bDandy Booksellers Ltd$nPublic Information Online
=040  \\$aUk$beng$cUk
=082  04$a328.4104$223
=110  1\$aGreat Britain.$bParliament.$bEcclesiastical Committee.
=245  10$aChurch Property Measure - Table of Origins /$cUK Parliament Ecclesiastical Committee.
=264  \1$a[London] :$b[Dandy Booksellers Ltd],$c[2018-11-29]
=300  \\$a1 online resource (10 pages)
=336  \\$atext$2rdacontent
=337  \\$acomputer$2rdamedia
=338  \\$aonline resource$2rdacarrier
=490  0\$aHouse of Commons papers, session 2017/19 ;$vHC 1689
=490  0\$aHouse of Lords papers, session 2017/19 ;$vHL 233
=655  \7$aLegislative materials.$2fast$0(OCoLC)fst01774285
=856  4\$uhttp://www.publicinformationonline.com/download/190260
=884  \\$aLDL ebooks transformation to marcxml using dandy_eb2marc.xsl$g20181205$k00190260$qUk
=859  \\$aELD$bebook
=852  \\$aBritish Library$bHMNTS$cDRT$jELD.DS.366675
=985  \\$aUpdated by MS generated file for WR2302-017
=CAT  \\$aBATCH-EBKN$b00$c20181208$lBLL01$h0211
=CAT  \\$aEBKS-FXD$c20181208$lBLL01$h0221
=CAT  \\$aBATCH$b00$c20181208$lBLL01$h0223
=CAT  \\$a8874$b40$c20181217$lBLL01$h0847
=CAT  \\$a3391$b40$c20200724$lBLL01$h1624
=CAT  \\$aW2302-0174$c20230223$lBLL01$h2027
=DRT  \\$aLD-ebooks
=SRC  \\$aCollection Metadata
=STA  \\$aSUPPRESSED$bNot in scope.
=LAS  \\$aW2302-0174$b00$c20230223$lBLL01$h2027

