=LDR  01561cam a22004215i 4500
=001  020589211
=003  Uk
=005  20230223172943.0
=006  m\\\\||\\d\|\\\\\\
=007  cr\|||||||||||
=008  220517s2022\\\\enk|||||o\\\\f00|\||eng\\
=FMT  \\$a  BK
=037  \\$a00235085$bDandy Booksellers Ltd$nPublic Information Online
=040  \\$aUk$beng$cUk
=082  04$a328.4104$223
=110  1\$aGreat Britain.$bTreasury.
=245  10$aSpring Statement 2022 :$bTax Plan /$cUK Parliament H.M. Treasury.
=264  \1$a[London] :$b[Dandy Booksellers Ltd],$c[2022-03-23]
=300  \\$a1 online resource (12 pages)
=336  \\$atext$2rdacontent
=337  \\$acomputer$2rdamedia
=338  \\$aonline resource$2rdacarrier
=490  0\$aUK Parliament Command Paper, session 2021/22 ;$vCP 653
=655  \7$aLegislative materials.$2fast$0(OCoLC)fst01774285
=856  4\$uhttp://www.publicinformationonline.com/download/235085
=884  \\$aLDL ebooks transformation to marcxml using dandy_eb2marc.xsl$g20220517$k00235085$qUk
=859  \\$aELD$bebook
=852  \\$aBritish Library$bHMNTS$cDRT$jELD.DS.690002
=985  \\$aUpdated by MS generated file for WR2302-017
=CAT  \\$aBATCH-EBKN$b00$c20220520$lBLL01$h0201
=CAT  \\$aEBKS-FXD$c20220520$lBLL01$h0210
=CAT  \\$aBATCH$b00$c20220520$lBLL01$h0211
=CAT  \\$a8250$b40$c20220526$lBLL01$h1316
=CAT  \\$aW2302-0174$c20230223$lBLL01$h2101
=DRT  \\$aLD-ebooks
=SRC  \\$aCollection Metadata
=STA  \\$aSUPPRESSED$bDuplicate
=LAS  \\$aW2302-0174$b00$c20230223$lBLL01$h2101

