=LDR  02157cam a22004455i 4500
=001  020633269
=003  Uk
=005  20230223172957.0
=006  m\\\\||\\d\|\\\\\\
=007  cr\|||||||||||
=008  220530s2022\\\\enk|||||o\\\\f00|\||eng\\
=FMT  \\$a  BK
=020  \\$a9781804931981$qElectronic book (PDF format)
=037  \\$a00235390$bDandy Booksellers Ltd$nPublic Information Online
=040  \\$aUk$beng$cUk
=082  04$a328.4104$223
=110  1\$aGreat Britain.$bParliament.$bHouse of Lords.$bDelegated Powers and Regulatory Reform Committee.
=245  10$aDelegated Powers and Regulatory Reform Committee 26th Report :$bApproved Premises (Substance Testing) Bill. Pension Schemes (Conversion of Guaranteed Minimum Pension) Bill. British Sign Language Bill. Glue Traps (Offences) Bill. Marriage and Civil Partnership (Minimum Age) Bill. Taxis and Private Hire Vehicles (Disabled Persons) Bill. Game Birds (Cage Breeding) Bill [HL] /$cUK Parliament Delegated Powers and Regulatory Reform Committee.
=264  \1$a[London] :$b[Dandy Booksellers Ltd],$c[2022-04-01]
=300  \\$a1 online resource (8 pages)
=336  \\$atext$2rdacontent
=337  \\$acomputer$2rdamedia
=338  \\$aonline resource$2rdacarrier
=490  0\$aHouse of Lords papers, session 2021/22 ;$vHL 190
=655  \7$aLegislative materials.$2fast$0(OCoLC)fst01774285
=856  4\$uhttp://www.publicinformationonline.com/download/235390
=884  \\$aLDL ebooks transformation to marcxml using dandy_eb2marc.xsl$g20220530$k00235390$qUk
=859  \\$aELD$bebook
=852  \\$aBritish Library$bHMNTS$cDRT$jELD.DS.691582
=985  \\$aResubmitted eBook record match on ISBN to existing record 020625067
=985  \\$aUpdated by MS generated file for WR2302-017
=CAT  \\$aBATCH-EBKN$b00$c20220602$lBLL01$h0205
=CAT  \\$aEBKS-FXD$c20220602$lBLL01$h0210
=CAT  \\$aBATCH$b00$c20220602$lBLL01$h0211
=CAT  \\$a8874$b40$c20220701$lBLL01$h0906
=CAT  \\$aW2302-0174$c20230223$lBLL01$h2101
=DRT  \\$aLD-ebooks
=SRC  \\$aCollection Metadata
=STA  \\$aSUPPRESSED$bDuplicate of 020625067.
=LAS  \\$aW2302-0174$b00$c20230223$lBLL01$h2101

