=LDR  01336 am a22003735i 4500
=001  017942952
=003  Uk
=005  20190208202133.0
=006  m\\\\||\\d\|\\\\\\
=007  cr\|||||||||||
=008  160718s2016\\\\enk|||||o\\\\f00|\||eng\\
=FMT  \\$a  BK
=037  \\$a00113020$bDandy Booksellers Ltd$nPublic Information Online
=040  \\$aUk$beng$cUk
=110  1\$aGreat Britain.$bParliament.
=245  10$aFinance (No. 2) Bill 2016 Explanatory Notes.$nVolume 2 /$cUK Parliament.
=264  \1$aLondon :$bDandy Booksellers Ltd,$c[2016-03-24].
=300  \\$a1 online resource.
=336  \\$atext$2rdacontent
=337  \\$acomputer$2rdamedia
=338  \\$aonline resource$2rdacarrier
=490  0\$aHouse of Commons papers, session 2015/16 ;$vHCB 155-EN
=856  4\$uhttp://www.publicinformationonline.com/download/113020
=859  \\$aELD$bebook
=852  \\$aBritish Library$bHMNTS$cDRT$jELD.DS.69808
=CAT  \\$aBATCH-EBKN$b00$c20160725$lBLL01$h0200
=CAT  \\$aEBKS-FXD$c20160725$lBLL01$h0202
=CAT  \\$aBATCH$b00$c20160725$lBLL01$h0202
=CAT  \\$a6550$b40$c20180604$lBLL01$h1113
=CAT  \\$aW1810-2163$c20190208$lBLL01$h2021
=DRT  \\$aLD-ebooks
=SRC  \\$aCollection Metadata
=STA  \\$aSUPPRESSED$bSuppressed by MQ at request of Patrick Casey
=LAS  \\$aW1810-2163$b00$c20190208$lBLL01$h2021

