=LDR  01428 am a22003735i 4500
=001  017945560
=003  Uk
=005  20190208202135.0
=006  m\\\\||\\d\|\\\\\\
=007  cr\|||||||||||
=008  160718s2016\\\\enk|||||o\\\\f00|\||eng\\
=FMT  \\$a  BK
=037  \\$a00112921$bDandy Booksellers Ltd$nPublic Information Online
=040  \\$aUk$beng$cUk
=110  1\$aGreat Britain.$bHome Office.
=245  10$aStatement of Changes in Immigration Rules and Explanatory Memorandum, The changes take effect on 6 April 2016 Correction Slip, March 2016 /$cUK Parliament Home Office.
=264  \1$aLondon :$bDandy Booksellers Ltd,$c[2016-03-11].
=300  \\$a1 online resource.
=336  \\$atext$2rdacontent
=337  \\$acomputer$2rdamedia
=338  \\$aonline resource$2rdacarrier
=490  0\$aHouse of Commons papers, session 2015/16 ;$vHC 877
=856  4\$uhttp://www.publicinformationonline.com/download/112921
=859  \\$aELD$bebook
=852  \\$aBritish Library$bHMNTS$cDRT$jELD.DS.69878
=CAT  \\$aBATCH-EBKN$b00$c20160728$lBLL01$h0200
=CAT  \\$aEBKS-FXD$c20160728$lBLL01$h0205
=CAT  \\$aBATCH$b00$c20160728$lBLL01$h0205
=CAT  \\$a6550$b40$c20180604$lBLL01$h1111
=CAT  \\$aW1810-2163$c20190208$lBLL01$h2021
=DRT  \\$aLD-ebooks
=SRC  \\$aCollection Metadata
=STA  \\$aSUPPRESSED$bSuppressed by MQ at request of Patrick Casey
=LAS  \\$aW1810-2163$b00$c20190208$lBLL01$h2021

