=LDR  01693pam a22004691i 4500
=001  016442858
=003  Uk
=005  20151017021459.0
=006  m\\\\||\\d\|\\\\\\
=007  cr\|||||||||||
=008  130702s2013\\\\enk\\\\\o\\\\\0|0\0|eng\\
=FMT  \\$a  BK
=020  \\$z9781780633428
=037  \\$a10.1533/9781780633428$bChandos
=040  \\$aUk$beng$cUk$dUk$erda
=100  1\$aFerris, Sharmila, P.,$eauthor.
=245  \4$aThe Plugged-In Professor :$bTips and techniques for teaching with social media.
=264  \1$aOxford :$bChandos Publishing,$c2013.
=300  \\$a1 online resource.
=336  \\$atext$2rdacontent
=337  \\$acomputer$2rdamedia
=338  \\$aonline resource$2rdacarrier
=490  0\$aCHANDOS SOCIAL MEDIA SERIES
=700  1\$aWilder, Hilary Anne,$eauthor.
=856  \\$uhttp://chandos.metapress.com/content/X4L121
=859  \\$aELD$bebook
=852  41$aBritish Library$bHMNTS$jELD.DS.40325
=CAT  \\$a10876$b40$c20130702$lBLL01$h1256
=CAT  \\$aWR14.047$c20140417$lBLL01$h1646
=CAT  \\$aBATCH-EBKO$b00$c20151017$lBLL01$h0211
=CAT  \\$aEBKS-FXD$c20151017$lBLL01$h0214
=CAT  \\$aBATCH$b00$c20151017$lBLL01$h0216
=CAT  \\$aBATCH-UPD$b00$c20151017$lBLL01$h0216
=CAT  \\$aBATCH-UPD$b00$c20170926$lBLL01$h2020
=CAT  \\$aW1711-1225$c20171203$lBLL01$h1053
=DRT  \\$aLD-ebooks
=STA  \\$aSUPPRESSED$bunable to determine reason for suppression
=ONS  \\$tInternet, Web and Social Media$2Subject keywords
=ONS  \\$tSocial media$2Subject keywords
=ONS  \\$tInformation Management$2Subject keywords
=ONS  \\$tE-learning and research$2Subject keywords
=LAS  \\$aW1711-1225$b00$c20171203$lBLL01$h1053

