=LDR  01550pam a22004331i 4500
=001  016442921
=003  Uk
=005  20151114022125.0
=006  m\\\\||\\d\|\\\\\\
=007  cr\|||||||||||
=008  130702s2012\\\\enk\\\\\o\\\\\0|0\0|eng\\
=FMT  \\$a  BK
=020  \\$z9781780633473
=037  \\$a10.1533/9781780633473$bChandos
=040  \\$aUk$beng$cUk$dUk$erda
=100  1\$aHogarth, Margaret,$eauthor.
=245  \0$aData Clean-up and Management :$bA practical guide for librarians.
=264  \1$aOxford :$bChandos Publishing,$c2012.
=300  \\$a1 online resource.
=336  \\$atext$2rdacontent
=337  \\$acomputer$2rdamedia
=338  \\$aonline resource$2rdacarrier
=490  0\$aCHANDOS INFORMATION PROFESSIONAL SERIES
=700  1\$aFuruta, Kenneth,$eauthor.
=856  \\$uhttp://chandos.metapress.com/content/V86P86
=859  \\$aELD$bebook
=852  \\$aBritish Library$bHMNTS$cDRT$jELD.DS.40327
=CAT  \\$a10876$b40$c20130702$lBLL01$h1411
=CAT  \\$aWR14.047$c20140417$lBLL01$h1646
=CAT  \\$aBATCH-EBKO$b00$c20151114$lBLL01$h0218
=CAT  \\$aEBKS-FXD$c20151114$lBLL01$h0221
=CAT  \\$aBATCH$b00$c20151114$lBLL01$h0221
=CAT  \\$aBATCH-UPD$b00$c20151114$lBLL01$h0221
=CAT  \\$aW1711-1225$c20171203$lBLL01$h1053
=DRT  \\$aLD-ebooks
=STA  \\$aSUPPRESSED$bunable to determine reason for suppression
=ONS  \\$tInformation Management$2Subject keywords
=ONS  \\$tInformation architecture and knowledge management$2Subject keywords
=LAS  \\$aW1711-1225$b00$c20171203$lBLL01$h1053

