=LDR  01301pam a22003851i 4500
=001  016471023
=003  Uk
=005  20160221020922.0
=006  m\\\\||\\d\|\\\\\\
=007  cr\|||||||||||
=008  130812s2013\\\\enk\\\\\o\\\\\0|0\0|eng\\
=FMT  \\$a  BK
=020  \\$z9781782461470
=040  \\$aUk$beng$cUk$dUk$erda
=245  \2$aA Criminal Use of Police Cells?
=264  \1$bHM Inspectorate of Prisons,$c2013.
=300  \\$a1 online resource.
=336  \\$atext$2rdacontent
=337  \\$acomputer$2rdamedia
=338  \\$aonline resource$2rdacarrier
=690  7\$aSocial Welfare$2blcoll
=859  \\$aELD$bebook
=856  40$uhttp://www.hmic.gov.uk/media/a-criminal-use-of-police-cells-20130620.pdf
=852  \\$aBritish Library$bHMNTS$cDRT$jELD.DS.48746
=CAT  \\$a10902$b40$c20130812$lBLL01$h1120
=CAT  \\$aWR14.047$c20140417$lBLL01$h1646
=CAT  \\$aBATCH-EBKO$b00$c20160221$lBLL01$h0205
=CAT  \\$aEBKS-FXD$c20160221$lBLL01$h0209
=CAT  \\$aBATCH$b00$c20160221$lBLL01$h0209
=CAT  \\$aBATCH-UPD$b00$c20160221$lBLL01$h0209
=CAT  \\$aBATCH$b00$c20160221$lBLL01$h0210
=CAT  \\$aW1711-1225$c20171203$lBLL01$h1053
=DRT  \\$aLD-ebooks
=STA  \\$aSUPPRESSED$bunable to determine reason for suppression
=LAS  \\$aW1711-1225$b00$c20171203$lBLL01$h1053

