=LDR  02243pam a22005891i 4500
=001  016479433
=003  Uk
=005  20171116022541.0
=006  m\\\\||\\d\|\\\\\\
=007  cr\|||||||||||
=008  130821s2013\\\\enk\\\\\o\\\\\0|0\0|eng\\
=FMT  \\$a  BK
=015  \\$aGBB378183$2bnb
=020  \\$a9781859359921 (pdf)
=040  \\$aUk$beng$cUk$dUk$erda
=042  \\$aukblsr
=082  04$a307.140942817$223
=100  1\$aTelfer, Sharon,$eauthor.
=245  10$aWhat makes effective place-based working? :$blessons from JRF's Bradford programme /$cSharon Telfer.
=264  \1$aYork :$bJoseph Rowntree Foundation,$cAugust 2013.
=300  \\$a1 online resource (19 pages).
=336  \\$atext$2rdacontent
=337  \\$acomputer$2rdamedia
=338  \\$aonline resource$2rdacarrier
=490  0\$aJRF programme paper. Bradford
=500  \\$aREF: 2926
=500  \\$a"From research by Brightpurpose Consulting and Mandy Wilson Ltd."
=500  \\$a"Ref: 2926."
=588  \\$aDescription based on online resource; title from PDF cover page (viewed on August 30, 2013).
=610  20$aJoseph Rowntree Foundation$xEvaluation.
=650  \0$aCommunity development$zEngland$zBradford (West Yorkshire)
=650  \0$aSocial problems$zEngland$zBradford (West Yorkshire)
=710  2\$aBrightpurpose Consulting.
=710  2\$aMandy Wilson Ltd.
=710  2\$aJoseph Rowntree Foundation,$epublisher.
=859  \\$aELD$bebook
=856  40$uhttp://www.jrf.org.uk/sites/files/jrf/place-based-working-bradford-full.pdf
=852  \\$aBritish Library$bHMNTS$cDRT$jELD.DS.227369
=CAT  \\$a12664$b40$c20130821$lBLL01$h1358
=CAT  \\$a8141$b40$c20130830$lBLL01$h0923
=CAT  \\$a7332$b40$c20130906$lBLL01$h1306
=CAT  \\$aWR14.047$c20140417$lBLL01$h1646
=CAT  \\$aW1611-0868$c20161114$lBLL01$h1415
=CAT  \\$aBATCH-EBKO$b00$c20171116$lBLL01$h0222
=CAT  \\$aEBKS-FXD$c20171116$lBLL01$h0225
=CAT  \\$aBATCH$b00$c20171116$lBLL01$h0226
=CAT  \\$aBATCH-UPD$b00$c20171116$lBLL01$h0227
=CAT  \\$aW1711-1225$c20171203$lBLL01$h1053
=FIN  \\$aY$d20130830
=DRT  \\$aLD-ebooks
=STA  \\$aSUPPRESSED$bunable to determine reason for suppression
=LAS  \\$aW1711-1225$b00$c20171203$lBLL01$h1053

