=LDR  01295pam a22003851i 4500
=001  016496309
=003  Uk
=005  20170706024025.0
=006  m\\\\||\\d\|\\\\\\
=007  cr\|||||||||||
=008  130911s2013\\\\enk\\\\\o\\\\\0|0\0|eng\\
=FMT  \\$a  BK
=020  \\$z9781909505100
=040  \\$aUk$beng$cUk$dUk$erda
=245  \0$aPatient-centred care.
=264  \1$aLondon :$bReform,$c2013.
=300  \\$a1 online resource.
=336  \\$atext$2rdacontent
=337  \\$acomputer$2rdamedia
=338  \\$aonline resource$2rdacarrier
=690  7\$aSocial Welfare$2blcoll
=859  \\$aELD$bebook
=856  40$uhttp://www.reform.co.uk/resources/0000/0936/Patient-centred_Care_Final_Transcript.pdf
=852  \\$aBritish Library$bHMNTS$cDRT$jELD.DS.152765
=CAT  \\$a8311$b40$c20130911$lBLL01$h1334
=CAT  \\$aWR14.047$c20140417$lBLL01$h1646
=CAT  \\$aW1611-0868$c20161114$lBLL01$h1415
=CAT  \\$aBATCH-EBKO$b00$c20170706$lBLL01$h0237
=CAT  \\$aEBKS-FXD$c20170706$lBLL01$h0240
=CAT  \\$aBATCH$b00$c20170706$lBLL01$h0240
=CAT  \\$aBATCH-UPD$b00$c20170706$lBLL01$h0240
=CAT  \\$aW1711-1225$c20171203$lBLL01$h1054
=DRT  \\$aLD-ebooks
=STA  \\$aSUPPRESSED$bunable to determine reason for suppression
=LAS  \\$aW1711-1225$b00$c20171203$lBLL01$h1054

