=LDR  01299pam a22003731i 4500
=001  016496732
=003  Uk
=005  20170731023942.0
=006  m\\\\||\\d\|\\\\\\
=007  cr\|||||||||||
=008  130912s2013\\\\enk\\\\\o\\\\\0|0\0|eng\\
=FMT  \\$a  BK
=020  \\$z9780750496087
=040  \\$aUk$beng$cUk$dUk$erda
=245  \0$aClean Air for Port Talbot :$bShort Term Action Plan 2012.
=264  \1$aCardiff :$bWelsh Government,$c2013.
=300  \\$a1 online resource.
=336  \\$atext$2rdacontent
=337  \\$acomputer$2rdamedia
=338  \\$aonline resource$2rdacarrier
=856  40$uwales.gov.uk/.../airqualitypollution/airquality/.../clean-air-for-port-talbot-...
=859  \\$aELD$bebook
=852  \\$aBritish Library$bHMNTS$cDRT$jELD.DS.165891
=CAT  \\$a8311$b40$c20130912$lBLL01$h1317
=CAT  \\$aWR14.047$c20140417$lBLL01$h1646
=CAT  \\$aW1611-0868$c20161114$lBLL01$h1415
=CAT  \\$aBATCH-EBKO$b00$c20170731$lBLL01$h0236
=CAT  \\$aEBKS-FXD$c20170731$lBLL01$h0239
=CAT  \\$aBATCH$b00$c20170731$lBLL01$h0240
=CAT  \\$aBATCH-UPD$b00$c20170731$lBLL01$h0240
=CAT  \\$aW1711-1225$c20171203$lBLL01$h1054
=DRT  \\$aLD-ebooks
=STA  \\$aSUPPRESSED$bunable to determine reason for suppression
=LAS  \\$aW1711-1225$b00$c20171203$lBLL01$h1054

