=LDR  01314pam a22003731i 4500
=001  016496757
=003  Uk
=005  20170731023944.0
=006  m\\\\||\\d\|\\\\\\
=007  cr\|||||||||||
=008  130912s2013\\\\enk\\\\\o\\\\\0|0\0|eng\\
=FMT  \\$a  BK
=020  \\$z9780750481977
=040  \\$aUk$beng$cUk$dUk$erda
=245  \0$aPreparing for a changing climate :$bPart 1: Starting : Preparing for a changing climate.
=264  \1$aCardiff :$bWelsh Government,$c2013.
=300  \\$a1 online resource.
=336  \\$atext$2rdacontent
=337  \\$acomputer$2rdamedia
=338  \\$aonline resource$2rdacarrier
=856  40$uwales.gov.uk/topics/.../climatechange/publications/preparingpart1
=859  \\$aELD$bebook
=852  \\$aBritish Library$bHMNTS$cDRT$jELD.DS.165892
=CAT  \\$a8311$b40$c20130912$lBLL01$h1353
=CAT  \\$aWR14.047$c20140417$lBLL01$h1646
=CAT  \\$aW1611-0868$c20161114$lBLL01$h1415
=CAT  \\$aBATCH-EBKO$b00$c20170731$lBLL01$h0236
=CAT  \\$aEBKS-FXD$c20170731$lBLL01$h0239
=CAT  \\$aBATCH$b00$c20170731$lBLL01$h0240
=CAT  \\$aBATCH-UPD$b00$c20170731$lBLL01$h0240
=CAT  \\$aW1711-1225$c20171203$lBLL01$h1054
=DRT  \\$aLD-ebooks
=STA  \\$aSUPPRESSED$bunable to determine reason for suppression
=LAS  \\$aW1711-1225$b00$c20171203$lBLL01$h1054

