=LDR  01404pam a22003731i 4500
=001  016497095
=003  Uk
=005  20170130020430.0
=006  m\\\\||\\d\|\\\\\\
=007  cr\|||||||||||
=008  130913s2013\\\\enk\\\\\o\\\\\0|0\0|eng\\
=FMT  \\$a  BK
=020  \\$z9781409839972
=040  \\$aUk$beng$cUk$dUk$erda
=245  \0$aFire Performance of Green Roofs and Walls :$bAugust 2013.
=264  \1$aLondon :$bDepartment for Communities and Local Government,$c2013.
=300  \\$a1 online resource.
=336  \\$atext$2rdacontent
=337  \\$acomputer$2rdamedia
=338  \\$aonline resource$2rdacarrier
=856  40$uhttps://www.gov.uk/government/uploads/system/uploads/attachment_data/file/230510/130819_SW3529R_-_Issue_3_-_Green_Roofs_and_Walls_Project_web_version_v3.pdf
=859  \\$aELD$bebook
=852  \\$aBritish Library$bHMNTS$cDRT$jELD.DS.115028
=CAT  \\$a8311$b40$c20130913$lBLL01$h1119
=CAT  \\$aWR14.047$c20140417$lBLL01$h1646
=CAT  \\$aW1611-0868$c20161114$lBLL01$h1415
=CAT  \\$aBATCH-EBKO$b00$c20170130$lBLL01$h0202
=CAT  \\$aEBKS-FXD$c20170130$lBLL01$h0204
=CAT  \\$aBATCH$b00$c20170130$lBLL01$h0204
=CAT  \\$aBATCH-UPD$b00$c20170130$lBLL01$h0204
=CAT  \\$aW1711-1225$c20171203$lBLL01$h1054
=DRT  \\$aLD-ebooks
=STA  \\$aSUPPRESSED$bunable to determine reason for suppression
=LAS  \\$aW1711-1225$b00$c20171203$lBLL01$h1054

