=LDR  01770cam a22004215i 4500
=001  020655886
=003  Uk
=005  20230223173013.0
=006  m\\\\||\\d\|\\\\\\
=007  cr\|||||||||||
=008  220620s2022\\\\enk|||||o\\\\f00|\||eng\\
=FMT  \\$a  BK
=037  \\$a00235527$bDandy Booksellers Ltd$nPublic Information Online
=040  \\$aUk$beng$cUk
=082  04$a328.4104$223
=110  1\$aGreat Britain.$bParliament.$bHouse of Lords.$bJustice and Home Affairs Committee.
=245  10$aJustice and Home Affairs Committee 1st Report. Technology rules? The advent of new technologies in the justice system,$nVolume 2,$pOral and written evidence /$cUK Parliament Justice and Home Affairs Committee.
=264  \1$a[London] :$b[Dandy Booksellers Ltd],$c[2022-03-30]
=300  \\$a1 online resource (570 pages)
=336  \\$atext$2rdacontent
=337  \\$acomputer$2rdamedia
=338  \\$aonline resource$2rdacarrier
=490  0\$aHouse of Lords papers, session 2021/22 ;$vHL 180
=655  \7$aLegislative materials.$2fast$0(OCoLC)fst01774285
=856  4\$uhttp://www.publicinformationonline.com/download/235527
=884  \\$aLDL ebooks transformation to marcxml using dandy_eb2marc.xsl$g20220620$k00235527$qUk
=859  \\$aELD$bebook
=852  \\$aBritish Library$bHMNTS$cDRT$jELD.DS.695125
=985  \\$aUpdated by MS generated file for WR2302-017
=CAT  \\$aBATCH-EBKN$b00$c20220623$lBLL01$h0202
=CAT  \\$aEBKS-FXD$c20220623$lBLL01$h0212
=CAT  \\$aBATCH$b00$c20220623$lBLL01$h0213
=CAT  \\$a8874$b40$c20220701$lBLL01$h0905
=CAT  \\$aW2302-0174$c20230223$lBLL01$h2102
=DRT  \\$aLD-ebooks
=SRC  \\$aCollection Metadata
=STA  \\$aSUPPRESSED$bDuplicate of 020625058.
=LAS  \\$aW2302-0174$b00$c20230223$lBLL01$h2102

