=LDR  01767cam a22004455i 4500
=001  020655901
=003  Uk
=005  20230223173014.0
=006  m\\\\||\\d\|\\\\\\
=007  cr\|||||||||||
=008  220620s2022\\\\enk|||||o\\\\f00|\||eng\\
=FMT  \\$a  BK
=020  \\$a9781804932995$qElectronic book (PDF format)
=037  \\$a00235942$bDandy Booksellers Ltd$nPublic Information Online
=040  \\$aUk$beng$cUk
=082  04$a328.4104$223
=110  1\$aGreat Britain.$bParliament.
=245  10$aHer Majesty's Most Gracious Speech to both House of Parliament delivered on Tuesday 10th May 2022 /$cUK Parliament Parliament.
=264  \1$a[London] :$b[Dandy Booksellers Ltd],$c[2022-05-10]
=300  \\$a1 online resource (6 pages)
=336  \\$atext$2rdacontent
=337  \\$acomputer$2rdamedia
=338  \\$aonline resource$2rdacarrier
=490  0\$aUK Parliament Command Paper, session 2022/23 ;$vCP Unnumbered
=655  \7$aLegislative materials.$2fast$0(OCoLC)fst01774285
=856  4\$uhttp://www.publicinformationonline.com/download/235942
=884  \\$aLDL ebooks transformation to marcxml using dandy_eb2marc.xsl$g20220620$k00235942$qUk
=859  \\$aELD$bebook
=852  \\$aBritish Library$bHMNTS$cDRT$jELD.DS.695140
=985  \\$aUpdated by MS generated file for WR2302-017
=CAT  \\$aBATCH-EBKN$b00$c20220623$lBLL01$h0202
=CAT  \\$aEBKS-FXD$c20220623$lBLL01$h0212
=CAT  \\$aBATCH$b00$c20220623$lBLL01$h0213
=CAT  \\$a8874$b40$c20220701$lBLL01$h0900
=CAT  \\$a8874$b40$c20220701$lBLL01$h0904
=CAT  \\$aW2302-0174$c20230223$lBLL01$h2102
=DRT  \\$aLD-ebooks
=SRC  \\$aCollection Metadata
=STA  \\$aSUPPRESSED$bDandy record. Not parliamentary paper.
=LAS  \\$aW2302-0174$b00$c20230223$lBLL01$h2102

