=LDR  01852cam a22004575i 4500
=001  020711832
=003  Uk
=005  20230223173047.0
=006  m\\\\||\\d\|\\\\\\
=007  cr\|||||||||||
=008  220808s2022\\\\enk|||||o\\\\f00|\||eng\\
=FMT  \\$a  BK
=037  \\$a00237113$bDandy Booksellers Ltd$nPublic Information Online
=040  \\$aUk$beng$cUk
=082  04$a328.4104$223
=110  1\$aGreat Britain.$bMinistry of Justice.
=245  10$aDraft Mental Health Bill Explanatory Notes /$cUK Parliament Ministry of Justice, UK Parliament Department of Health & Social Care (Formerly Department of Health).
=264  \1$a[London] :$b[Dandy Booksellers Ltd],$c[2022-06-27]
=300  \\$a1 online resource (57 pages)
=336  \\$atext$2rdacontent
=337  \\$acomputer$2rdamedia
=338  \\$aonline resource$2rdacarrier
=490  0\$aUK Parliament Command Paper, session 2022/23 ;$vCP 699
=655  \7$aLegislative materials.$2fast$0(OCoLC)fst01774285
=710  1\$aGreat Britain.$bDepartment of Health & Social Care.
=856  4\$uhttp://www.publicinformationonline.com/download/237113
=884  \\$aLDL ebooks transformation to marcxml using dandy_eb2marc.xsl$g20220808$k00237113$qUk
=859  \\$aELD$bebook
=852  \\$aBritish Library$bHMNTS$cDRT$jELD.DS.706648
=985  \\$aUpdated by MS generated file for WR2302-017
=CAT  \\$aBATCH-EBKN$b00$c20220811$lBLL01$h0201
=CAT  \\$aEBKS-FXD$c20220811$lBLL01$h0207
=CAT  \\$aBATCH$b00$c20220811$lBLL01$h0208
=CAT  \\$a7907$b40$c20220816$lBLL01$h1428
=CAT  \\$a7907$b40$c20220816$lBLL01$h1433
=CAT  \\$a8250$b40$c20221007$lBLL01$h1251
=CAT  \\$aW2302-0174$c20230223$lBLL01$h2102
=DRT  \\$aLD-ebooks
=SRC  \\$aCollection Metadata
=STA  \\$aSUPPRESSED$bDuplicate of Aleph 020672517
=LAS  \\$aW2302-0174$b00$c20230223$lBLL01$h2102

