=LDR  01879cam a2200505 i 4500
=001  020726245
=003  Uk
=005  20230223173101.0
=006  m\\\\||\\d\|\\\\\\
=007  cr\|||||||||||
=008  220815s2022\\\\enk|||||o\\\\f00|\||eng\\
=FMT  \\$a  BK
=020  \\$z9781528634229$qElectronic book (PDF format)
=037  \\$a00237428$bDandy Booksellers Ltd$nPublic Information Online
=040  \\$aUk$beng$cUk
=042  \\$aukblsr
=082  04$a328.4104$223
=110  2\$aForestry England.
=245  10$aForestry England Annual Report and Accounts 2021-22 /$cUK Parliament Forestry England.
=264  \1$a[London] :$b[Dandy Booksellers Ltd],$c[2022-07-07]
=300  \\$a1 online resource (112 pages)
=336  \\$atext$2rdacontent
=337  \\$acomputer$2rdamedia
=338  \\$aonline resource$2rdacarrier
=490  0\$aHouse of Commons papers, session 2022/23 ;$vHC 340
=610  20$aForestry England.
=650  \7$aForests and forestry.$2fast$0(OCoLC)fst00932632
=655  \7$aLegislative materials.$2fast$0(OCoLC)fst01774285
=856  4\$uhttp://www.publicinformationonline.com/download/237428
=884  \\$aLDL ebooks transformation to marcxml using dandy_eb2marc.xsl$g20220815$k00237428$qUk
=859  \\$aELD$bebook
=852  \\$aBritish Library$bHMNTS$cDRT$jELD.DS.710408
=985  \\$aUpdated by MS generated file for WR2302-017
=CAT  \\$aBATCH-EBKN$b00$c20220825$lBLL01$h0212
=CAT  \\$aEBKS-FXD$c20220825$lBLL01$h0218
=CAT  \\$aBATCH$b00$c20220825$lBLL01$h0218
=CAT  \\$a3391$b40$c20220830$lBLL01$h1747
=CAT  \\$a3391$b40$c20220830$lBLL01$h1759
=CAT  \\$a8874$b40$c20220912$lBLL01$h1111
=CAT  \\$aW2302-0174$c20230223$lBLL01$h2103
=FIN  \\$aY$d20220830
=DRT  \\$aLD-ebooks
=SRC  \\$aCollection Metadata
=STA  \\$aSUPPRESSED$bOut of scope
=LAS  \\$aW2302-0174$b00$c20230223$lBLL01$h2103

