=LDR  02028cam a22004695i 4500
=001  020734133
=003  Uk
=005  20230223173103.0
=006  m\\\\||\\d\|\\\\\\
=007  cr\|||||||||||
=008  220829s2022\\\\enk|||||o\\\\f00|\||eng\\
=FMT  \\$a  BK
=037  \\$a00237455$bDandy Booksellers Ltd$nPublic Information Online
=040  \\$aUk$beng$cUk
=082  04$a328.4104$223
=110  1\$aGreat Britain.$bParliament.$bHouse of Commons.$bEnvironment, Food and Rural Affairs Committee.
=245  10$aPre-appointment hearing for the Chair-designate of the Environment Agency.$nVolume 2,$pOral evidence /$cUK Parliament Environment, Food and Rural Affairs Committee, UK Parliament Environmental Audit Committee.
=264  \1$a[London] :$b[Dandy Booksellers Ltd],$c[2022-07-08]
=300  \\$a1 online resource (30 pages)
=336  \\$atext$2rdacontent
=337  \\$acomputer$2rdamedia
=338  \\$aonline resource$2rdacarrier
=490  0\$aHouse of Commons papers, session 2022/23 ;$vHC 546
=655  \7$aLegislative materials.$2fast$0(OCoLC)fst01774285
=710  1\$aGreat Britain.$bParliament.$bHouse of Commons.$bEnvironmental Audit Committee.
=856  4\$uhttp://www.publicinformationonline.com/download/237455
=884  \\$aLDL ebooks transformation to marcxml using dandy_eb2marc.xsl$g20220829$k00237455$qUk
=859  \\$aELD$bebook
=852  \\$aBritish Library$bHMNTS$cDRT$jELD.DS.710847
=985  \\$aUpdated by MS generated file for WR2302-017
=CAT  \\$aBATCH-EBKN$b00$c20220902$lBLL01$h0200
=CAT  \\$aEBKS-FXD$c20220902$lBLL01$h0207
=CAT  \\$aBATCH$b00$c20220902$lBLL01$h0207
=CAT  \\$a3391$b40$c20220906$lBLL01$h1646
=CAT  \\$a3391$b40$c20220906$lBLL01$h1647
=CAT  \\$a8874$b40$c20220912$lBLL01$h1112
=CAT  \\$a8250$b40$c20221007$lBLL01$h1253
=CAT  \\$aW2302-0174$c20230223$lBLL01$h2103
=DRT  \\$aLD-ebooks
=SRC  \\$aCollection Metadata
=STA  \\$aSUPPRESSED$bDuplicate of Aleph 020726230
=LAS  \\$aW2302-0174$b00$c20230223$lBLL01$h2103

