=LDR  01833cam a22004335i 4500
=001  020760690
=003  Uk
=005  20230223173123.0
=006  m\\\\||\\d\|\\\\\\
=007  cr\|||||||||||
=008  220926s2022\\\\enk|||||o\\\\f00|\||eng\\
=FMT  \\$a  BK
=037  \\$a00237872$bDandy Booksellers Ltd$nPublic Information Online
=040  \\$aUk$beng$cUk
=082  04$a328.4104$223
=110  1\$aGreat Britain.$bParliament.$bHouse of Lords.$bCommunications and Digital Committee.
=245  10$aCommunications and Digital Committee 1st Report. Licence to change :$bBBC future funding,$nVolume 2,$pOral and written evidence /$cUK Parliament Communications and Digital Committee (Formerly Communications Committee).
=264  \1$a[London] :$b[Dandy Booksellers Ltd],$c[2022-07-18]
=300  \\$a1 online resource (737 pages)
=336  \\$atext$2rdacontent
=337  \\$acomputer$2rdamedia
=338  \\$aonline resource$2rdacarrier
=490  0\$aHouse of Lords papers, session 2022/23 ;$vHL 44
=655  \7$aLegislative materials.$2fast$0(OCoLC)fst01774285
=856  4\$uhttp://www.publicinformationonline.com/download/237872
=884  \\$aLDL ebooks transformation to marcxml using dandy_eb2marc.xsl$g20220926$k00237872$qUk
=859  \\$aELD$bebook
=852  \\$aBritish Library$bHMNTS$cDRT$jELD.DS.716752
=985  \\$aUpdated by MS generated file for WR2302-017
=CAT  \\$aBATCH-EBKN$b00$c20220929$lBLL01$h0201
=CAT  \\$aEBKS-FXD$c20220929$lBLL01$h0210
=CAT  \\$aBATCH$b00$c20220929$lBLL01$h0211
=CAT  \\$a8250$b40$c20221007$lBLL01$h1250
=CAT  \\$a8250$b40$c20221007$lBLL01$h1253
=CAT  \\$aW2302-0174$c20230223$lBLL01$h2103
=DRT  \\$aLD-ebooks
=SRC  \\$aCollection Metadata
=STA  \\$aSUPPRESSED$bDuplicate of Aleph 020754643
=LAS  \\$aW2302-0174$b00$c20230223$lBLL01$h2103

