=LDR  02086cam a22004695i 4500
=001  020760965
=003  Uk
=005  20230223173124.0
=006  m\\\\||\\d\|\\\\\\
=007  cr\|||||||||||
=008  220926s2022\\\\enk|||||o\\\\f00|\||eng\\
=FMT  \\$a  BK
=020  \\$a9781528634977$qElectronic book (PDF format)
=037  \\$a00237873$bDandy Booksellers Ltd$nPublic Information Online
=040  \\$aUk$beng$cUk
=082  04$a328.4104$223
=110  1\$aGreat Britain.$bDepartment for Digital, Culture, Media and Sport.
=245  14$aThe Office of Communications Annual Report and Accounts 2021/22 (for the period 1 April 2021 to 31 March 2022) /$cUK Parliament Department for Digital, Culture, Media and Sport (Formerly Department for Culture, Media and Sport), UK Parliament Office of Communications (OFCOM).
=264  \1$a[London] :$b[Dandy Booksellers Ltd],$c[2022-07-22]
=300  \\$a1 online resource (189 pages)
=336  \\$atext$2rdacontent
=337  \\$acomputer$2rdamedia
=338  \\$aonline resource$2rdacarrier
=490  0\$aHouse of Commons papers, session 2022/23 ;$vHC 530
=655  \7$aLegislative materials.$2fast$0(OCoLC)fst01774285
=710  1\$aGreat Britain.$bOffice of Communications (OFCOM).
=856  4\$uhttp://www.publicinformationonline.com/download/237873
=884  \\$aLDL ebooks transformation to marcxml using dandy_eb2marc.xsl$g20220926$k00237873$qUk
=859  \\$aELD$bebook
=852  \\$aBritish Library$bHMNTS$cDRT$jELD.DS.717027
=985  \\$aResubmitted eBook record match on ISBN to existing record 020754628
=985  \\$aUpdated by MS generated file for WR2302-017
=CAT  \\$aBATCH-EBKN$b00$c20220929$lBLL01$h0205
=CAT  \\$aEBKS-FXD$c20220929$lBLL01$h0210
=CAT  \\$aBATCH$b00$c20220929$lBLL01$h0211
=CAT  \\$a8250$b40$c20221007$lBLL01$h1249
=CAT  \\$a8250$b40$c20221007$lBLL01$h1253
=CAT  \\$aW2302-0174$c20230223$lBLL01$h2103
=DRT  \\$aLD-ebooks
=SRC  \\$aCollection Metadata
=STA  \\$aSUPPRESSED$bDuplicate of Aleph 020754628
=LAS  \\$aW2302-0174$b00$c20230223$lBLL01$h2103

