=LDR  01763cam a22004335i 4500
=001  020768159
=003  Uk
=005  20230223173127.0
=006  m\\\\||\\d\|\\\\\\
=007  cr\|||||||||||
=008  221003s2017\\\\enk|||||o\\\\f00|\||eng\\
=FMT  \\$a  BK
=020  \\$a9781474146838$qElectronic book (PDF format)
=037  \\$a00146626$bDandy Booksellers Ltd$nPublic Information Online
=040  \\$aUk$beng$cUk
=082  04$a328.4104$223
=110  1\$aGreat Britain.$bParliamentary and Health Service Ombudsman.
=245  10$aParliamentary and Health Service Ombudsman :$bThe Ombudsman's Annual Report and Accounts 2016-17 /$cUK Parliament Parliamentary and Health Service Ombudsman.
=264  \1$a[London] :$b[Dandy Booksellers Ltd],$c[2017-07-18]
=300  \\$a1 online resource (104 pages)
=336  \\$atext$2rdacontent
=337  \\$acomputer$2rdamedia
=338  \\$aonline resource$2rdacarrier
=490  0\$aHouse of Commons papers, session 2017/19 ;$vHC 207
=655  \7$aLegislative materials.$2fast$0(OCoLC)fst01774285
=856  4\$uhttp://www.publicinformationonline.com/download/146626
=884  \\$aLDL ebooks transformation to marcxml using dandy_eb2marc.xsl$g20221003$k00146626$qUk
=859  \\$aELD$bebook
=852  \\$aBritish Library$bHMNTS$cDRT$jELD.DS.717424
=985  \\$aUpdated by MS generated file for WR2302-017
=CAT  \\$aBATCH-EBKN$b00$c20221006$lBLL01$h0201
=CAT  \\$aEBKS-FXD$c20221006$lBLL01$h0208
=CAT  \\$aBATCH$b00$c20221006$lBLL01$h0209
=CAT  \\$a8250$b40$c20221220$lBLL01$h1154
=CAT  \\$aW2302-0174$c20230223$lBLL01$h2103
=DRT  \\$aLD-ebooks
=SRC  \\$aCollection Metadata
=STA  \\$aSUPPRESSED$bDuplicate of Aleph 018444760
=LAS  \\$aW2302-0174$b00$c20230223$lBLL01$h2103

