=LDR  01847cam a22004455i 4500
=001  020768286
=003  Uk
=005  20230223173127.0
=006  m\\\\||\\d\|\\\\\\
=007  cr\|||||||||||
=008  221003s2016\\\\enk|||||o\\\\f00|\||eng\\
=FMT  \\$a  BK
=020  \\$a9781474132190$qElectronic book (PDF format)
=037  \\$a00121745$bDandy Booksellers Ltd$nPublic Information Online
=040  \\$aUk$beng$cUk
=082  04$a328.4104$223
=110  1\$aGreat Britain.$bParliamentary and Health Service Ombudsman.
=245  10$aParliamentary and Health Service Ombudsman :$bThe Ombudsman's Annual Report and Accounts 2015-16 /$cUK Parliament Parliamentary and Health Service Ombudsman.
=264  \1$a[London] :$b[Dandy Booksellers Ltd],$c[2016-11-03]
=300  \\$a1 online resource (112 pages)
=336  \\$atext$2rdacontent
=337  \\$acomputer$2rdamedia
=338  \\$aonline resource$2rdacarrier
=490  0\$aHouse of Commons papers, session 2016/17 ;$vHC 779
=655  \7$aLegislative materials.$2fast$0(OCoLC)fst01774285
=856  4\$uhttp://www.publicinformationonline.com/download/121745
=884  \\$aLDL ebooks transformation to marcxml using dandy_eb2marc.xsl$g20221003$k00121745$qUk
=859  \\$aELD$bebook
=852  \\$aBritish Library$bHMNTS$cDRT$jELD.DS.717551
=985  \\$aResubmitted eBook record match on ISBN to existing record 018119446
=985  \\$aUpdated by MS generated file for WR2302-017
=CAT  \\$aBATCH-EBKN$b00$c20221006$lBLL01$h0203
=CAT  \\$aEBKS-FXD$c20221006$lBLL01$h0208
=CAT  \\$aBATCH$b00$c20221006$lBLL01$h0209
=CAT  \\$a8250$b40$c20221220$lBLL01$h1152
=CAT  \\$aW2302-0174$c20230223$lBLL01$h2103
=DRT  \\$aLD-ebooks
=SRC  \\$aCollection Metadata
=STA  \\$aSUPPRESSED$bDuplicate of Aleph 018119446
=LAS  \\$aW2302-0174$b00$c20230223$lBLL01$h2103

