=LDR  01999cam a22004695i 4500
=001  020768293
=003  Uk
=005  20230223173127.0
=006  m\\\\||\\d\|\\\\\\
=007  cr\|||||||||||
=008  221003s2022\\\\enk|||||o\\\\f00|\||eng\\
=FMT  \\$a  BK
=020  \\$a9781528635196$qElectronic book (PDF format)
=037  \\$a00237798$bDandy Booksellers Ltd$nPublic Information Online
=040  \\$aUk$beng$cUk
=082  04$a328.4104$223
=110  1\$aGreat Britain.$bParliamentary and Health Service Ombudsman.
=245  10$aParliamentary and Health Service Ombudsman :$bThe Ombudsman's Annual Report and Accounts 2021-2022 /$cUK Parliament Parliamentary and Health Service Ombudsman.
=264  \1$a[London] :$b[Dandy Booksellers Ltd],$c[2022-07-20]
=300  \\$a1 online resource (124 pages)
=336  \\$atext$2rdacontent
=337  \\$acomputer$2rdamedia
=338  \\$aonline resource$2rdacarrier
=490  0\$aHouse of Commons papers, session 2022/23 ;$vHC 526
=610  17$aGreat Britain.$bParliamentary and Health Service Ombudsman.$2fast$0(OCoLC)fst01628278
=655  \7$aLegislative materials.$2fast$0(OCoLC)fst01774285
=856  4\$uhttp://www.publicinformationonline.com/download/237798
=884  \\$aLDL ebooks transformation to marcxml using dandy_eb2marc.xsl$g20221003$k00237798$qUk
=859  \\$aELD$bebook
=852  \\$aBritish Library$bHMNTS$cDRT$jELD.DS.717558
=985  \\$aResubmitted eBook record match on ISBN to existing record 020754591
=985  \\$aUpdated by MS generated file for WR2302-017
=CAT  \\$aBATCH-EBKN$b00$c20221006$lBLL01$h0203
=CAT  \\$aEBKS-FXD$c20221006$lBLL01$h0208
=CAT  \\$aBATCH$b00$c20221006$lBLL01$h0209
=CAT  \\$a3391$b40$c20221011$lBLL01$h0031
=CAT  \\$a8250$b40$c20221220$lBLL01$h1151
=CAT  \\$aW2302-0174$c20230223$lBLL01$h2103
=DRT  \\$aLD-ebooks
=SRC  \\$aCollection Metadata
=STA  \\$aSUPPRESSED$bDuplicate of Aleph 020754591
=LAS  \\$aW2302-0174$b00$c20230223$lBLL01$h2103

