=LDR  01950cam a22004215i 4500
=001  020789132
=003  Uk
=005  20230223173144.0
=006  m\\\\||\\d\|\\\\\\
=007  cr\|||||||||||
=008  221025s2022\\\\enk|||||o\\\\f00|\||eng\\
=FMT  \\$a  BK
=037  \\$a00233466$bDandy Booksellers Ltd$nPublic Information Online
=040  \\$aUk$beng$cUk
=082  04$a328.4104$223
=110  1\$aGreat Britain.$bParliament.$bHouse of Commons.$bBusiness, Energy and Industrial Strategy Committee.
=245  10$aBusiness, Energy and Industrial Strategy Committee 6th Report. Pre-appointment hearing of the Government's preferred candidate for Chair of the Financial Reporting Council,$nVolume 2,$pOral evidence /$cUK Parliament Business, Energy and Industrial Strategy Committee (Formerly Business, Innovation and Skills Committee, formerly Business and Enterprise Committee).
=264  \1$a[London] :$b[Dandy Booksellers Ltd],$c[2022-01-28]
=300  \\$a1 online resource (21 pages)
=336  \\$atext$2rdacontent
=337  \\$acomputer$2rdamedia
=338  \\$aonline resource$2rdacarrier
=490  0\$aHouse of Commons papers, session 2021/22 ;$vHC 1122
=655  \7$aLegislative materials.$2fast$0(OCoLC)fst01774285
=856  4\$uhttp://www.publicinformationonline.com/download/233466
=884  \\$aLDL ebooks transformation to marcxml using dandy_eb2marc.xsl$g20221025$k00233466$qUk
=859  \\$aELD$bebook
=852  \\$aBritish Library$bHMNTS$cDRT$jELD.DS.720673
=985  \\$aUpdated by MS generated file for WR2302-017
=CAT  \\$aBATCH-EBKN$b00$c20221028$lBLL01$h0201
=CAT  \\$aEBKS-FXD$c20221028$lBLL01$h0208
=CAT  \\$aBATCH$b00$c20221028$lBLL01$h0208
=CAT  \\$a8250$b40$c20221220$lBLL01$h1149
=CAT  \\$aW2302-0174$c20230223$lBLL01$h2104
=DRT  \\$aLD-ebooks
=SRC  \\$aCollection Metadata
=STA  \\$aSUPPRESSED$bDuplicate of Aleph 020528916
=LAS  \\$aW2302-0174$b00$c20230223$lBLL01$h2104

