=LDR  01885cam a22004455i 4500
=001  020819945
=003  Uk
=005  20230223173204.0
=006  m\\\\||\\d\|\\\\\\
=007  cr\|||||||||||
=008  221121s2021\\\\enk|||||o\\\\f00|\||eng\\
=FMT  \\$a  BK
=037  \\$a00231438$bDandy Booksellers Ltd$nPublic Information Online
=040  \\$aUk$beng$cUk
=082  04$a328.4104$223
=110  1\$aGreat Britain.$bParliament.$bJoint Committee on Human Rights.
=245  10$aHuman Rights Joint Committee 8th Report. Proposal for a draft Bereavement Benefits (Remedial) Order 2021 :$bdiscrimination against cohabiting partners,$nVolume 2,$pWritten evidence /$cUK Parliament Human Rights Joint Committee.
=264  \1$a[London] :$b[Dandy Booksellers Ltd],$c[2021-11-12]
=300  \\$a1 online resource (27 pages)
=336  \\$atext$2rdacontent
=337  \\$acomputer$2rdamedia
=338  \\$aonline resource$2rdacarrier
=490  0\$aHouse of Commons papers, session 2021/22 ;$vHC 594
=490  0\$aHouse of Lords papers, session 2021/22 ;$vHL 91
=655  \7$aLegislative materials.$2fast$0(OCoLC)fst01774285
=856  4\$uhttp://www.publicinformationonline.com/download/231438
=884  \\$aLDL ebooks transformation to marcxml using dandy_eb2marc.xsl$g20221121$k00231438$qUk
=859  \\$aELD$bebook
=852  \\$aBritish Library$bHMNTS$cDRT$jELD.DS.726920
=985  \\$aUpdated by MS generated file for WR2302-017
=CAT  \\$aBATCH-EBKN$b00$c20221124$lBLL01$h0202
=CAT  \\$aEBKS-FXD$c20221124$lBLL01$h0213
=CAT  \\$aBATCH$b00$c20221124$lBLL01$h0214
=CAT  \\$a8250$b40$c20221220$lBLL01$h1138
=CAT  \\$a8250$b40$c20221220$lBLL01$h1140
=CAT  \\$aW2302-0174$c20230223$lBLL01$h2104
=DRT  \\$aLD-ebooks
=SRC  \\$aCollection Metadata
=STA  \\$aSUPPRESSED$bDuplicate of Aleph020434211
=LAS  \\$aW2302-0174$b00$c20230223$lBLL01$h2104

