=LDR  01686cam a22004335i 4500
=001  020825726
=003  Uk
=005  20230223173207.0
=006  m\\\\||\\d\|\\\\\\
=007  cr\|||||||||||
=008  221128s2022\\\\enk|||||o\\\\f00|\||eng\\
=FMT  \\$a  BK
=020  \\$a9781528637336$qElectronic book (PDF format)
=037  \\$a00239266$bDandy Booksellers Ltd$nPublic Information Online
=040  \\$aUk$beng$cUk
=082  04$a328.4104$223
=110  1\$aGreat Britain.$bBPDTS Ltd.
=245  10$aBPDTS Ltd :$bAnnual Report and Accounts 2021/22 (for the period ended 31 January 2022) /$cUK Parliament BPDTS Ltd.
=264  \1$a[London] :$b[Dandy Booksellers Ltd],$c[2022-10-18]
=300  \\$a1 online resource (64 pages)
=336  \\$atext$2rdacontent
=337  \\$acomputer$2rdamedia
=338  \\$aonline resource$2rdacarrier
=490  0\$aHouse of Commons papers, session 2022/23 ;$vHC 778
=655  \7$aLegislative materials.$2fast$0(OCoLC)fst01774285
=856  4\$uhttp://www.publicinformationonline.com/download/239266
=884  \\$aLDL ebooks transformation to marcxml using dandy_eb2marc.xsl$g20221128$k00239266$qUk
=859  \\$aELD$bebook
=852  \\$aBritish Library$bHMNTS$cDRT$jELD.DS.730595
=985  \\$aUpdated by MS generated file for WR2302-017
=CAT  \\$aBATCH-EBKN$b00$c20221201$lBLL01$h0203
=CAT  \\$aEBKS-FXD$c20221201$lBLL01$h0217
=CAT  \\$aBATCH$b00$c20221201$lBLL01$h0218
=CAT  \\$a8250$b40$c20221220$lBLL01$h1141
=CAT  \\$aW2302-0174$c20230223$lBLL01$h2104
=DRT  \\$aLD-ebooks
=SRC  \\$aCollection Metadata
=STA  \\$aSUPPRESSED$bDuplicate of Aleph 020804444
=LAS  \\$aW2302-0174$b00$c20230223$lBLL01$h2104

