=LDR  01810cam a22004575i 4500
=001  020825941
=003  Uk
=005  20230223173208.0
=006  m\\\\||\\d\|\\\\\\
=007  cr\|||||||||||
=008  221128s2022\\\\enk|||||o\\\\f00|\||eng\\
=FMT  \\$a  BK
=020  \\$a9781804932490$qElectronic book (PDF format)
=037  \\$a00235685$bDandy Booksellers Ltd$nPublic Information Online
=040  \\$aUk$beng$cUk
=082  04$a328.4104$223
=110  1\$aGreat Britain.$bParliament.
=245  10$aHealth and Care Bill Motions to be moved on consideration of Commons amendments and reasons /$cUK Parliament.
=264  \1$a[London] :$b[Dandy Booksellers Ltd],$c[2022-04-26]
=300  \\$a1 online resource (2 pages)
=336  \\$atext$2rdacontent
=337  \\$acomputer$2rdamedia
=338  \\$aonline resource$2rdacarrier
=490  0\$aHouse of Lords papers, session 2021/22 ;$vHLB 150 a
=655  \7$aLegislative bills.$2fast$0(OCoLC)fst01774283
=856  4\$uhttp://www.publicinformationonline.com/download/235685
=884  \\$aLDL ebooks transformation to marcxml using dandy_eb2marc.xsl$g20221128$k00235685$qUk
=859  \\$aELD$bebook
=852  \\$aBritish Library$bHMNTS$cDRT$jELD.DS.730810
=985  \\$aResubmitted eBook record match on ISBN to existing record 020643529
=985  \\$aUpdated by MS generated file for WR2302-017
=CAT  \\$aBATCH-EBKN$b00$c20221201$lBLL01$h0209
=CAT  \\$aEBKS-FXD$c20221201$lBLL01$h0217
=CAT  \\$aBATCH$b00$c20221201$lBLL01$h0218
=CAT  \\$a8250$b40$c20221220$lBLL01$h1142
=CAT  \\$a8250$b40$c20221220$lBLL01$h1143
=CAT  \\$aW2302-0174$c20230223$lBLL01$h2104
=DRT  \\$aLD-ebooks
=SRC  \\$aCollection Metadata
=STA  \\$aSUPPRESSED$bDuplicate of Aleph 020643529
=LAS  \\$aW2302-0174$b00$c20230223$lBLL01$h2104

