=LDR  02085cam a2200505 i 4500
=001  020834789
=003  Uk
=005  20230223173211.0
=006  m\\\\||\\d\|\\\\\\
=007  cr\|||||||||||
=008  221128s2022\\\\enk|||||o\\\\f00|\||eng\\
=FMT  \\$a  BK
=020  \\$a9781804929865$qElectronic book (PDF format)
=037  \\$a00239771$bDandy Booksellers Ltd$nPublic Information Online
=040  \\$aUk$beng$cUk
=042  \\$aukblsr
=082  04$a328.4104$223
=110  1\$aGreat Britain.$bParliament.$bHouse of Commons.$bEnvironment, Food and Rural Affairs Committee.
=245  14$aThe price of plastic :$bending the toll of plastic waste : Third Report of Session 2022-23.$nVolume 1,$pReport /$cUK Parliament Environment, Food and Rural Affairs Committee.
=264  \1$a[London] :$b[Dandy Booksellers Ltd],$c[2022-11-07]
=300  \\$a1 online resource (70 pages)
=336  \\$atext$2rdacontent
=337  \\$acomputer$2rdamedia
=338  \\$aonline resource$2rdacarrier
=490  0\$aHouse of Commons papers, session 2022/23 ;$vHC 22
=650  \7$aPlastic scrap$xRecycling.$2fast$0(OCoLC)fst01066511
=651  \7$aGreat Britain.$2fast$0(OCoLC)fst01204623
=655  \7$aLegislative materials.$2fast$0(OCoLC)fst01774285
=856  4\$uhttp://www.publicinformationonline.com/download/239771
=884  \\$aLDL ebooks transformation to marcxml using dandy_eb2marc.xsl$g20221128$k00239771$qUk
=859  \\$aELD$bebook
=852  \\$aBritish Library$bHMNTS$cDRT$jELD.DS.733323
=985  \\$aUpdated by MS generated file for WR2302-017
=CAT  \\$aBATCH-EBKN$b00$c20221208$lBLL01$h0201
=CAT  \\$aEBKS-FXD$c20221208$lBLL01$h0209
=CAT  \\$aBATCH$b00$c20221208$lBLL01$h0210
=CAT  \\$a3391$b40$c20221212$lBLL01$h1300
=CAT  \\$a3391$b40$c20221212$lBLL01$h1302
=CAT  \\$a8250$b40$c20221220$lBLL01$h1145
=CAT  \\$aW2302-0174$c20230223$lBLL01$h2104
=FIN  \\$aY$d20221212
=DRT  \\$aLD-ebooks
=SRC  \\$aCollection Metadata
=STA  \\$aSUPPRESSED$bDuplicate of Aleph 020834789
=LAS  \\$aW2302-0174$b00$c20230223$lBLL01$h2104

