=LDR  01804cam a22005055i 4500
=001  020835616
=003  Uk
=005  20230208111220.0
=006  m\\\\||\\d\|\\\\\\
=007  cr\|||||||||||
=008  221206s2019\\\\xxk||||go\\\\||||\||eng\\
=FMT  \\$a  BK
=037  \\$a9781789541229$bcodeMantra
=040  \\$aUk$beng$cUk
=100  1\$aShiner, Lewis,$eauthor.
=245  10$aBlack & White /$cLewis Shiner.
=264  \1$aLondon :$bHead of Zeus,$c2019.
=300  \\$a1 online resource (367 pages)
=336  \\$atext$2rdacontent
=337  \\$acomputer$2rdamedia
=338  \\$aonline resource$2rdacarrier
=650  \7$aThriller / suspense.$2bicssc
=650  \7$aFiction$xFamily Life.$2bisacsh
=650  \7$aFiction$xThrillers.$2bisacsh
=650  \7$aFiction$xPolitical.$2bisacsh
=650  \7$aModern & contemporary fiction (post c 1945).$2bicssc
=856  4\$uhttp://www.bloomsbury.com
=884  \\$aLDL ebooks ONIX to marcxml transformation using Record_Load-eBooks_Legal_Deposit_onix2marc_v2-1.xsl$g20221206$k9781789541229$qUk
=859  \\$aELD$bebook
=852  \\$aBritish Library$bHMNTS$cDRT$jELD.DS.734079$qImperfect: incorrect title sent.
=985  \\$aResubmitted eBook record match on ISBN to existing record 019430526
=CAT  \\$aBATCH-EBKN$b00$c20221209$lBLL01$h0204
=CAT  \\$aEBKS-FXD$c20221209$lBLL01$h0210
=CAT  \\$aBATCH$b00$c20221209$lBLL01$h0210
=CAT  \\$a11279$b40$c20230208$lBLL01$h1112
=DRT  \\$aLD-ebooks
=SRC  \\$aCollection Metadata
=STA  \\$aSUPPRESSED$bE-content not adequate for display
=ONS  \7$aFH$2bicssc
=ONS  \7$aFIC$x045000$2bisacsh
=ONS  \7$aFIC$x031000$2bisacsh
=ONS  \7$aFIC$x071000$2bisacsh
=ONS  \7$aFIC$x037000$2bisacsh
=ONS  \7$aFA$2bicssc
=LAS  \\$a11279$b40$c20230208$lBLL01$h1112

