=LDR  01555cam a22003975i 4500
=001  020863913
=003  Uk
=005  20230220113340.0
=006  m\\\\||\\d\|\\\\\\
=007  cr\|||||||||||
=008  230103s2022\\\\enk|||||o\\\\f00|\||eng\\
=FMT  \\$a  BK
=037  \\$a00244005$bDandy Booksellers Ltd$nPublic Information Online
=040  \\$aUk$beng$cUk
=082  04$a328.4104$223
=110  1\$aGreat Britain.$bMinistry of Justice.
=245  10$aGovernment's full response to the criminal legal aid independent review and consultation on policy proposals :$bNovember 2022 /$cUK Parliament Ministry of Justice.
=264  \1$a[London] :$b[Dandy Booksellers Ltd],$c[2022-03-15]
=300  \\$a1 online resource (81 pages)
=336  \\$atext$2rdacontent
=337  \\$acomputer$2rdamedia
=338  \\$aonline resource$2rdacarrier
=490  0\$aUK Parliament Command Paper, session 2021/22 ;$vCP 645
=655  \7$aLegislative materials.$2lcgft
=856  4\$uhttp://www.publicinformationonline.com/download/244005
=884  \\$aLDL ebooks transformation to marcxml using dandy_eb2marc.xsl$g20230103$k00244005$qUk
=859  \\$aELD$bebook
=852  \\$aBritish Library$bHMNTS$cDRT$jELD.DS.741412
=CAT  \\$aBATCH-EBKN$b00$c20230112$lBLL01$h0202
=CAT  \\$aEBKS-FXD$c20230112$lBLL01$h0212
=CAT  \\$aBATCH$b00$c20230112$lBLL01$h0213
=CAT  \\$a8250$b40$c20230220$lBLL01$h1133
=DRT  \\$aLD-ebooks
=SRC  \\$aCollection Metadata
=STA  \\$aSUPPRESSED$bDuplicate of Aleph #020852086
=LAS  \\$a8250$b40$c20230220$lBLL01$h1133

