=LDR  01525cam a22003975i 4500
=001  020878754
=003  Uk
=005  20230220113429.0
=006  m\\\\||\\d\|\\\\\\
=007  cr\|||||||||||
=008  230116s2021\\\\enk|||||o\\\\f00|\||eng\\
=FMT  \\$a  BK
=037  \\$a00243439$bDandy Booksellers Ltd$nPublic Information Online
=040  \\$aUk$beng$cUk
=082  04$a328.4104$223
=110  1\$aGreat Britain.$bHouse of Commons.
=245  10$aAddendum to the Standing Orders of the House of Commons Relating to Public Business 2021, 9 November 2022 /$cUK Parliament House of Commons.
=264  \1$a[London] :$b[Dandy Booksellers Ltd],$c[2021-12-03]
=300  \\$a1 online resource (16 pages)
=336  \\$atext$2rdacontent
=337  \\$acomputer$2rdamedia
=338  \\$aonline resource$2rdacarrier
=490  0\$aHouse of Commons papers, session 2021/22 ;$vHC 804
=655  \7$aLegislative materials.$2lcgft
=856  4\$uhttp://www.publicinformationonline.com/download/243439
=884  \\$aLDL ebooks transformation to marcxml using dandy_eb2marc.xsl$g20230116$k00243439$qUk
=859  \\$aELD$bebook
=852  \\$aBritish Library$bHMNTS$cDRT$jELD.DS.742526
=CAT  \\$aBATCH-EBKN$b00$c20230119$lBLL01$h0201
=CAT  \\$aEBKS-FXD$c20230119$lBLL01$h0211
=CAT  \\$aBATCH$b00$c20230119$lBLL01$h0212
=CAT  \\$a8250$b40$c20230220$lBLL01$h1134
=DRT  \\$aLD-ebooks
=SRC  \\$aCollection Metadata
=STA  \\$aSUPPRESSED$bDuplicate of Aleph #020834798
=LAS  \\$a8250$b40$c20230220$lBLL01$h1134

