=LDR  01588cam a22003975i 4500
=001  020934415
=003  Uk
=005  20230220113803.0
=006  m\\\\||\\d\|\\\\\\
=007  cr\|||||||||||
=008  230123s2018\\\\enk|||||o\\\\f00|\||eng\\
=FMT  \\$a  BK
=037  \\$a00177243$bDandy Booksellers Ltd$nPublic Information Online
=040  \\$aUk$beng$cUk
=082  04$a328.4104$223
=110  1\$aGreat Britain.$bParliament.$bHouse of Commons.$bForeign Affairs Committee.
=245  10$aForeign Affairs Committee 10th Report. Global Britain and the Western Balkans,$nVolume 2,$pOral and written evidence /$cUK Parliament Foreign Affairs Committee.
=264  \1$a[London] :$b[Dandy Booksellers Ltd],$c[2018-07-06]
=300  \\$a1 online resource (151 pages)
=336  \\$atext$2rdacontent
=337  \\$acomputer$2rdamedia
=338  \\$aonline resource$2rdacarrier
=490  0\$aHouse of Commons papers, session 2017/19 ;$vHC 1013
=655  \7$aLegislative materials.$2lcgft
=856  4\$uhttp://www.publicinformationonline.com/download/177243
=884  \\$aLDL ebooks transformation to marcxml using dandy_eb2marc.xsl$g20230123$k00177243$qUk
=859  \\$aELD$bebook
=852  \\$aBritish Library$bHMNTS$cDRT$jELD.DS.743131
=CAT  \\$aBATCH-EBKN$b00$c20230126$lBLL01$h0201
=CAT  \\$aEBKS-FXD$c20230126$lBLL01$h0210
=CAT  \\$aBATCH$b00$c20230126$lBLL01$h0211
=CAT  \\$a8250$b40$c20230220$lBLL01$h1138
=DRT  \\$aLD-ebooks
=SRC  \\$aCollection Metadata
=STA  \\$aSUPPRESSED$bDuplicate of Aleph #018984696
=LAS  \\$a8250$b40$c20230220$lBLL01$h1138

