=LDR  01564cam a22004095i 4500
=001  020934453
=003  Uk
=005  20230220113507.0
=006  m\\\\||\\d\|\\\\\\
=007  cr\|||||||||||
=008  230123s2022\\\\enk|||||o\\\\f00|\||eng\\
=FMT  \\$a  BK
=020  \\$a9781804927823$qElectronic book (PDF format)
=037  \\$a00244442$bDandy Booksellers Ltd$nPublic Information Online
=040  \\$aUk$beng$cUk
=082  04$a328.4104$223
=110  1\$aGreat Britain.$bHouse of Commons.
=245  10$aHouse of Commons Sessional Returns Session 2021-22 :$b(11 May 2021 - 28 April 2022) /$cUK Parliament House of Commons.
=264  \1$a[London] :$b[Dandy Booksellers Ltd],$c[2022-12-15]
=300  \\$a1 online resource (199 pages)
=336  \\$atext$2rdacontent
=337  \\$acomputer$2rdamedia
=338  \\$aonline resource$2rdacarrier
=490  0\$aHouse of Commons papers, session 2022/23 ;$vHC 1
=655  \7$aLegislative materials.$2lcgft
=856  4\$uhttp://www.publicinformationonline.com/download/244442
=884  \\$aLDL ebooks transformation to marcxml using dandy_eb2marc.xsl$g20230123$k00244442$qUk
=859  \\$aELD$bebook
=852  \\$aBritish Library$bHMNTS$cDRT$jELD.DS.743169
=CAT  \\$aBATCH-EBKN$b00$c20230126$lBLL01$h0201
=CAT  \\$aEBKS-FXD$c20230126$lBLL01$h0210
=CAT  \\$aBATCH$b00$c20230126$lBLL01$h0211
=CAT  \\$a8250$b40$c20230220$lBLL01$h1135
=DRT  \\$aLD-ebooks
=SRC  \\$aCollection Metadata
=STA  \\$aSUPPRESSED$bDuplicate of Aleph #020851980
=LAS  \\$a8250$b40$c20230220$lBLL01$h1135

