=LDR  01625cam a22003975i 4500
=001  020945063
=003  Uk
=005  20230220113620.0
=006  m\\\\||\\d\|\\\\\\
=007  cr\|||||||||||
=008  230130s2019\\\\enk|||||o\\\\f00|\||eng\\
=FMT  \\$a  BK
=037  \\$a00207145$bDandy Booksellers Ltd$nPublic Information Online
=040  \\$aUk$beng$cUk
=082  04$a328.4104$223
=110  1\$aGreat Britain.$bGrenfell Tower Inquiry.
=245  10$aGrenfell Tower Inquiry :$bPhase 1 Report. Report of the Public Inquiry into the Fire at Grenfell Tower on 14 June 2017,$nVolume 4,$pPart III Conclusions (Chapter 21-34, appendix and glossary) /$cUK Parliament Grenfell Tower Inquiry.
=264  \1$a[London] :$b[Dandy Booksellers Ltd],$c[2019-10-30]
=300  \\$a1 online resource (340 pages)
=336  \\$atext$2rdacontent
=337  \\$acomputer$2rdamedia
=338  \\$aonline resource$2rdacarrier
=490  0\$aHouse of Commons papers, session 2019 ;$vHC 49-I-IV
=655  \7$aLegislative materials.$2lcgft
=856  4\$uhttp://www.publicinformationonline.com/download/207145
=884  \\$aLDL ebooks transformation to marcxml using dandy_eb2marc.xsl$g20230130$k00207145$qUk
=859  \\$aELD$bebook
=852  \\$aBritish Library$bHMNTS$cDRT$jELD.DS.744068
=CAT  \\$aBATCH-EBKN$b00$c20230202$lBLL01$h0201
=CAT  \\$aEBKS-FXD$c20230202$lBLL01$h0213
=CAT  \\$aBATCH$b00$c20230202$lBLL01$h0215
=CAT  \\$a8250$b40$c20230220$lBLL01$h1136
=DRT  \\$aLD-ebooks
=SRC  \\$aCollection Metadata
=STA  \\$aSUPPRESSED$bDuplicate of Aleph #019613578
=LAS  \\$a8250$b40$c20230220$lBLL01$h1136

