=LDR  01831cam a22004095i 4500
=001  020945065
=003  Uk
=005  20230220113544.0
=006  m\\\\||\\d\|\\\\\\
=007  cr\|||||||||||
=008  230130s2022\\\\enk|||||o\\\\f00|\||eng\\
=FMT  \\$a  BK
=020  \\$a9781804927717$qElectronic book (PDF format)
=037  \\$a00244508$bDandy Booksellers Ltd$nPublic Information Online
=040  \\$aUk$beng$cUk
=082  04$a328.4104$223
=110  1\$aGreat Britain.$bParliament.$bHouse of Lords.$bSecondary Legislation Scrutiny Committee.
=245  10$aSecondary Legislation Scrutiny Committee 23rd Report. Responses from the Government and the Regulatory Policy Committee to Losing Impact :$bwhy the Government's impact assessment system is failing Parliament and the public /$cUK Parliament Secondary Legislation Scrutiny Committee (Formerly Merits of Statutory Instruments Committee).
=264  \1$a[London] :$b[Dandy Booksellers Ltd],$c[2022-12-16]
=300  \\$a1 online resource (13 pages)
=336  \\$atext$2rdacontent
=337  \\$acomputer$2rdamedia
=338  \\$aonline resource$2rdacarrier
=490  0\$aHouse of Lords papers, session 2022/23 ;$vHL 116
=655  \7$aLegislative materials.$2lcgft
=856  4\$uhttp://www.publicinformationonline.com/download/244508
=884  \\$aLDL ebooks transformation to marcxml using dandy_eb2marc.xsl$g20230130$k00244508$qUk
=859  \\$aELD$bebook
=852  \\$aBritish Library$bHMNTS$cDRT$jELD.DS.744070
=CAT  \\$aBATCH-EBKN$b00$c20230202$lBLL01$h0201
=CAT  \\$aEBKS-FXD$c20230202$lBLL01$h0213
=CAT  \\$aBATCH$b00$c20230202$lBLL01$h0215
=CAT  \\$a8250$b40$c20230220$lBLL01$h1135
=DRT  \\$aLD-ebooks
=SRC  \\$aCollection Metadata
=STA  \\$aSUPPRESSED$bDuplicate of Aleph #020945055
=LAS  \\$a8250$b40$c20230220$lBLL01$h1135

