=LDR  01529cam a22003975i 4500
=001  020986875
=003  Uk
=005  20230726145411.0
=006  m\\\\||\\d\|\\\\\\
=007  cr\|||||||||||
=008  230306s2023\\\\enk|||||o\\\\f00|\||eng\\
=FMT  \\$a  BK
=037  \\$a00245244$bDandy Booksellers Ltd$nPublic Information Online
=040  \\$aUk$beng$cUk
=082  04$a328.4104$223
=110  1\$aGreat Britain.$bMinistry of Justice.
=245  14$aThe Concordat on Women in or at risk of contact with the Criminal Justice System :$bProgress Report /$cUK Parliament Ministry of Justice.
=264  \1$a[London] :$b[Dandy Booksellers Ltd],$c[2023-01-31]
=300  \\$a1 online resource (20 pages)
=336  \\$atext$2rdacontent
=337  \\$acomputer$2rdamedia
=338  \\$aonline resource$2rdacarrier
=490  0\$aUK Parliament Command Paper, session 2022/23 ;$vCP 772
=655  \7$aLegislative materials.$2lcgft
=856  4\$uhttp://www.publicinformationonline.com/download/245244
=884  \\$aLDL ebooks transformation to marcxml using dandy_eb2marc.xsl$g20230306$k00245244$qUk
=859  \\$aELD$bebook
=852  \\$aBritish Library$bHMNTS$cDRT$jELD.DS.751609
=CAT  \\$aBATCH-EBKN$b00$c20230309$lBLL01$h0202
=CAT  \\$aEBKS-FXD$c20230309$lBLL01$h0210
=CAT  \\$aBATCH$b00$c20230309$lBLL01$h0211
=CAT  \\$a8250$b40$c20230726$lBLL01$h1454
=DRT  \\$aLD-ebooks
=SRC  \\$aCollection Metadata
=STA  \\$aSUPPRESSED$bDuplicate of Aleph #020977604
=LAS  \\$a8250$b40$c20230726$lBLL01$h1454

