=LDR  01617cam a22004095i 4500
=001  020992859
=003  Uk
=005  20230726144858.0
=006  m\\\\||\\d\|\\\\\\
=007  cr\|||||||||||
=008  230306s2023\\\\enk|||||o\\\\f00|\||eng\\
=FMT  \\$a  BK
=020  \\$a9781804925669$qElectronic book (PDF format)
=037  \\$a00245378$bDandy Booksellers Ltd$nPublic Information Online
=040  \\$aUk$beng$cUk
=082  04$a328.4104$223
=110  1\$aGreat Britain.$bParliament.$bHouse of Commons.$bPublic Accounts Committee.
=245  10$aPublic Accounts Committee 36th Report. The Defence digital strategy,$nVolume 1,$pReport /$cUK Parliament Public Accounts Committee.
=264  \1$a[London] :$b[Dandy Booksellers Ltd],$c[2023-02-03]
=300  \\$a1 online resource (25 pages)
=336  \\$atext$2rdacontent
=337  \\$acomputer$2rdamedia
=338  \\$aonline resource$2rdacarrier
=490  0\$aHouse of Commons papers, session 2022/23 ;$vHC 727
=655  \7$aLegislative materials.$2lcgft
=856  4\$uhttp://www.publicinformationonline.com/download/245378
=884  \\$aLDL ebooks transformation to marcxml using dandy_eb2marc.xsl$g20230306$k00245378$qUk
=859  \\$aELD$bebook
=852  \\$aBritish Library$bHMNTS$cDRT$jELD.DS.752807
=CAT  \\$aBATCH-EBKN$b00$c20230316$lBLL01$h0201
=CAT  \\$aEBKS-FXD$c20230316$lBLL01$h0207
=CAT  \\$aBATCH$b00$c20230316$lBLL01$h0208
=CAT  \\$a8250$b40$c20230726$lBLL01$h1448
=DRT  \\$aLD-ebooks
=SRC  \\$aCollection Metadata
=STA  \\$aSUPPRESSED$bDuplicate of Aleph #020992876
=LAS  \\$a8250$b40$c20230726$lBLL01$h1448

