=LDR  01890cam a22004215i 4500
=001  021009190
=003  Uk
=005  20230726145156.0
=006  m\\\\||\\d\|\\\\\\
=007  cr\|||||||||||
=008  230313s2023\\\\enk|||||o\\\\f00|\||eng\\
=FMT  \\$a  BK
=020  \\$a9781804925676$qElectronic book (PDF format)
=037  \\$a00245379$bDandy Booksellers Ltd$nPublic Information Online
=040  \\$aUk$beng$cUk
=082  04$a328.4104$223
=110  1\$aGreat Britain.$bParliament.$bHouse of Commons.$bBusiness, Energy and Industrial Strategy Committee.
=245  10$aBusiness, Energy and Industrial Strategy Committee 6th Report. The semiconductor industry in the UK :$bthe Government's response /$cUK Parliament Business, Energy and Industrial Strategy Committee (Formerly Business, Innovation and Skills Committee, formerly Business and Enterprise Committee).
=264  \1$a[London] :$b[Dandy Booksellers Ltd],$c[2023-02-03]
=300  \\$a1 online resource (16 pages)
=336  \\$atext$2rdacontent
=337  \\$acomputer$2rdamedia
=338  \\$aonline resource$2rdacarrier
=490  0\$aHouse of Commons papers, session 2022/23 ;$vHC 1115
=655  \7$aLegislative materials.$2lcgft
=856  4\$uhttp://www.publicinformationonline.com/download/245379
=884  \\$aLDL ebooks transformation to marcxml using dandy_eb2marc.xsl$g20230313$k00245379$qUk
=859  \\$aELD$bebook
=852  \\$aBritish Library$bHMNTS$cDRT$jELD.DS.760097
=985  \\$aResubmitted eBook record match on ISBN to existing record 020992860
=CAT  \\$aBATCH-EBKN$b00$c20230330$lBLL01$h0206
=CAT  \\$aEBKS-FXD$c20230330$lBLL01$h0216
=CAT  \\$aBATCH$b00$c20230330$lBLL01$h0217
=CAT  \\$a8250$b40$c20230726$lBLL01$h1451
=DRT  \\$aLD-ebooks
=SRC  \\$aCollection Metadata
=STA  \\$aSUPPRESSED$bDuplicate of Aleph #020992860
=LAS  \\$a8250$b40$c20230726$lBLL01$h1451

