=LDR  01682cam a22004215i 4500
=001  021045084
=003  Uk
=005  20230726145004.0
=006  m\\\\||\\d\|\\\\\\
=007  cr\|||||||||||
=008  230424s2023\\\\enk|||||o\\\\f00|\||eng\\
=FMT  \\$a  BK
=020  \\$a9781804923962$qElectronic book (PDF format)
=037  \\$a00246028$bDandy Booksellers Ltd$nPublic Information Online
=040  \\$aUk$beng$cUk
=082  04$a328.4104$223
=110  1\$aGreat Britain.$bParliament.$bJoint Committee on Statutory Instruments.
=245  10$aJoint Committee on Statutory Instruments 28th Report of Session 2022-23 /$cUK Parliament Statutory Instruments Joint Committee.
=264  \1$a[London] :$b[Dandy Booksellers Ltd],$c[2023-03-03]
=300  \\$a1 online resource (23 pages)
=336  \\$atext$2rdacontent
=337  \\$acomputer$2rdamedia
=338  \\$aonline resource$2rdacarrier
=490  0\$aHouse of Commons papers, session 2022/23 ;$vHC HC 4-xxviii
=490  0\$aHouse of Lords papers, session 2022/23 ;$vHL 158
=655  \7$aLegislative materials.$2lcgft
=856  4\$uhttp://www.publicinformationonline.com/download/246028
=884  \\$aLDL ebooks transformation to marcxml using dandy_eb2marc.xsl$g20230424$k00246028$qUk
=859  \\$aELD$bebook
=852  \\$aBritish Library$bHMNTS$cDRT$jELD.DS.767489
=CAT  \\$aBATCH-EBKN$b00$c20230505$lBLL01$h0201
=CAT  \\$aEBKS-FXD$c20230505$lBLL01$h0212
=CAT  \\$aBATCH$b00$c20230505$lBLL01$h0213
=CAT  \\$a8250$b40$c20230726$lBLL01$h1450
=DRT  \\$aLD-ebooks
=SRC  \\$aCollection Metadata
=STA  \\$aSUPPRESSED$bDuplicate of Aleph #021045100
=LAS  \\$a8250$b40$c20230726$lBLL01$h1450

