=LDR  02435cam a2200553 i 4500
=001  021072153
=003  Uk
=005  20230726145712.0
=006  m\\\\||\\d\|\\\\\\
=007  cr\|||||||||||
=008  230501s2023\\\\enk|||||o\\\\f00|\||eng\\
=FMT  \\$a  BK
=020  \\$a9781804922484$qElectronic book (PDF format)
=037  \\$a00246541$bDandy Booksellers Ltd$nPublic Information Online
=040  \\$aUk$beng$cUk
=042  \\$aukblsr
=082  04$a328.4104$223
=110  1\$aGreat Britain.$bParliament.$bHouse of Lords.$bSecondary Legislation Scrutiny Committee.
=245  10$aDrawn to the special attention of the house :$bDraft Windsor Framework (Democratic Scrutiny) Regulations 2023 ; Branded Health Service Medicines (Costs) (Amendment) Regulations 2023 : 35th Report of Session 2022-23 /$cUK Parliament Secondary Legislation Scrutiny Committee.
=264  \1$a[London] :$b[Dandy Booksellers Ltd],$c[2023-03-23]
=300  \\$a1 online resource (12 pages)
=336  \\$atext$2rdacontent
=337  \\$acomputer$2rdamedia
=338  \\$aonline resource$2rdacarrier
=490  0\$aHouse of Lords papers, session 2022/23 ;$vHL 172
=650  \7$aInternational relations.$2fast$0(OCoLC)fst00977053
=650  \7$aTrade regulation.$2fast$0(OCoLC)fst01153817
=650  \7$aGovernment aid.$2fast$0(OCoLC)fst00945145
=650  \7$aDrugs$xCost control.$2fast$0(OCoLC)fst00898785
=650  \7$aDrugs$xPrices$xLaw and legislation.$0(OCoLC)fst$2fast
=650  \7$aPharmaceutical policy.$2fast$0(OCoLC)fst01060194
=650  \7$aDelegated legislation.$2fast$0(OCoLC)fst00889920
=651  \7$aNorthern Ireland.$2fast$0(OCoLC)fst01205215
=651  \7$aGreat Britain.$2fast$0(OCoLC)fst01204623
=655  \7$aLegislative materials.$2lcgft
=856  4\$uhttp://www.publicinformationonline.com/download/246541
=884  \\$aLDL ebooks transformation to marcxml using dandy_eb2marc.xsl$g20230501$k00246541$qUk
=859  \\$aELD$bebook
=852  \\$aBritish Library$bHMNTS$cDRT$jELD.DS.776581
=CAT  \\$aBATCH-EBKN$b00$c20230602$lBLL01$h0201
=CAT  \\$aEBKS-FXD$c20230602$lBLL01$h0212
=CAT  \\$aBATCH$b00$c20230602$lBLL01$h0213
=CAT  \\$a7907$b40$c20230609$lBLL01$h1739
=CAT  \\$a8250$b40$c20230726$lBLL01$h1457
=FIN  \\$aY$d20230609
=DRT  \\$aLD-ebooks
=SRC  \\$aCollection Metadata
=STA  \\$aSUPPRESSED$bDuplicate of Aleph #021082668.
=LAS  \\$a8250$b40$c20230726$lBLL01$h1457

