=LDR  01704cam a22004095i 4500
=001  021090900
=003  Uk
=005  20230726145329.0
=006  m\\\\||\\d\|\\\\\\
=007  cr\|||||||||||
=008  230611s2021\\\\enk|||||o\\\\f00|\||eng\\
=FMT  \\$a  BK
=037  \\$a00231438$bDandy Booksellers Ltd$nPublic Information Online
=040  \\$aUk$beng$cUk
=082  04$a328.4104$223
=110  1\$aGreat Britain.$bParliament.$bJoint Committee on Human Rights.
=245  10$aHuman Rights Joint Committee 8th Report. Proposal for a draft Bereavement Benefits (Remedial) Order 2021 :$bdiscrimination against cohabiting partners,$nVolume 2,$pWritten evidence /$cUK Parliament Human Rights Joint Committee.
=264  \1$a[London] :$b[Dandy Booksellers Ltd],$c[2021-11-12]
=300  \\$a1 online resource (27 pages)
=336  \\$atext$2rdacontent
=337  \\$acomputer$2rdamedia
=338  \\$aonline resource$2rdacarrier
=490  0\$aHouse of Commons papers, session 2021/22 ;$vHC 594
=490  0\$aHouse of Lords papers, session 2021/22 ;$vHL 91
=655  \7$aLegislative materials.$2lcgft
=856  4\$uhttp://www.publicinformationonline.com/download/231438
=884  \\$aLDL ebooks transformation to marcxml using dandy_eb2marc.xsl$g20230611$k00231438$qUk
=859  \\$aELD$bebook
=852  \\$aBritish Library$bHMNTS$cDRT$jELD.DS.780870
=CAT  \\$aBATCH-EBKN$b00$c20230615$lBLL01$h0201
=CAT  \\$aEBKS-FXD$c20230615$lBLL01$h0209
=CAT  \\$aBATCH$b00$c20230615$lBLL01$h0210
=CAT  \\$a8250$b40$c20230726$lBLL01$h1453
=DRT  \\$aLD-ebooks
=SRC  \\$aCollection Metadata
=STA  \\$aSUPPRESSED$bDuplicate of Aleph #020434211
=LAS  \\$a8250$b40$c20230726$lBLL01$h1453

